@article{Abbott_1996,
	doi = {10.1006/qres.1996.0031},
	url = {https://doi.org/10.1006%2Fqres.1996.0031},
	year = 1996,
	month = {may},
	publisher = {Cambridge University Press ({CUP})},
	volume = {45},
	number = {3},
	pages = {300--311},
	author = {Mark B. Abbott and Thomas W. Stafford},
	title = {Radiocarbon Geochemistry of Modern and Ancient Arctic Lake Systems, Baffin Island, Canada},
	journal = {Quaternary Research}
}
@article{Agnelli_2002,
	doi = {10.1046/j.1365-2389.2002.00432.x},
	url = {https://doi.org/10.1046%2Fj.1365-2389.2002.00432.x},
	year = 2002,
	month = {mar},
	publisher = {Wiley},
	volume = {53},
	number = {1},
	pages = {147--159},
	author = {A. Agnelli and S. E. Trumbore and G. Corti and F. C. Ugolini},
	title = {The dynamics of organic matter in rock fragments in soil investigated by 14
		C dating and measurements of 13
		C},
	journal = {European Journal of Soil Science}
}
@article{Aiken_2014,
	doi = {10.1002/2013gb004764},
	url = {https://doi.org/10.1002%2F2013gb004764},
	year = 2014,
	month = {may},
	publisher = {American Geophysical Union ({AGU})},
	volume = {28},
	number = {5},
	pages = {525--537},
	author = {George R. Aiken and Robert G. M. Spencer and Robert G. Striegl and Paul F. Schuster and Peter A. Raymond},
	title = {Influences of glacier melt and permafrost thaw on the age of dissolved organic carbon in the Yukon River basin},
	journal = {Global Biogeochemical Cycles}
}
@article{Allard_1987,
	doi = {10.1139/e87-209},
	url = {https://doi.org/10.1139%2Fe87-209},
	year = 1987,
	month = {nov},
	publisher = {Canadian Science Publishing},
	volume = {24},
	number = {11},
	pages = {2206--2222},
	author = {Michel Allard and Maurice K. Seguin},
	title = {The Holocene evolution of permafrost near the tree line, on the eastern coast of Hudson Bay (northern Quebec)},
	journal = {Canadian Journal of Earth Sciences}
}
@article{Amon_2004,
	doi = {10.1016/j.marchem.2004.06.034},
	url = {https://doi.org/10.1016%2Fj.marchem.2004.06.034},
	year = 2004,
	month = {dec},
	publisher = {Elsevier {BV}},
	volume = {92},
	number = {1-4},
	pages = {311--330},
	author = {Rainer M.W. Amon and Benedikt Meon},
	title = {The biogeochemistry of dissolved organic matter and nutrients in two large Arctic estuaries and potential implications for our understanding of the Arctic Ocean system},
	journal = {Marine Chemistry}
}
@article{Anderson_1975,
	doi = {10.1016/0034-6667(75)90049-4},
	url = {https://doi.org/10.1016%2F0034-6667%2875%2990049-4},
	year = 1975,
	month = {jul},
	publisher = {Elsevier {BV}},
	volume = {19},
	number = {4},
	pages = {291--351},
	author = {J.A.R. Anderson and Jan Muller},
	title = {Palynological study of a holocene peat and a miocene coal deposit from {NW} Borneo},
	journal = {Review of Palaeobotany and Palynology}
}
@article{Andersson_2011,
	doi = {10.1016/j.orggeochem.2011.06.020},
	url = {https://doi.org/10.1016%2Fj.orggeochem.2011.06.020},
	year = 2011,
	month = {oct},
	publisher = {Elsevier {BV}},
	volume = {42},
	number = {9},
	pages = {1065--1075},
	author = {Rina A. Andersson and Peter Kuhry and Philip Meyers and Yngve Zebühr and Patrick Crill and Magnus Mörth},
	title = {Impacts of paleohydrological changes on n-alkane biomarker compositions of a Holocene peat sequence in the eastern European Russian Arctic},
	journal = {Organic Geochemistry}
}
@article{Andreev_1997,
	doi = {10.1016/s1040-6182(96)00042-0},
	url = {https://doi.org/10.1016%2Fs1040-6182%2896%2900042-0},
	year = 1997,
	month = {jan},
	publisher = {Elsevier {BV}},
	volume = {41-42},
	pages = {111--117},
	author = {A.A. Andreev and V.A. Klimanov and L.D. Sulerzhitsky},
	title = {Younger Dryas pollen records from central and southern Yakutia},
	journal = {Quaternary International}
}
@article{Andreev_2001,
	doi = {10.1016/s0277-3791(00)00118-9},
	url = {https://doi.org/10.1016%2Fs0277-3791%2800%2900118-9},
	year = 2001,
	month = {jan},
	publisher = {Elsevier {BV}},
	volume = {20},
	number = {1-3},
	pages = {259--266},
	author = {A.A Andreev and V.A Klimanov and L.D Sulerzhitsky},
	title = {Vegetation and climate history of the Yana River lowland, Russia, during the last 6400yr},
	journal = {Quaternary Science Reviews}
}
@article{Andreev_2004,
	doi = {10.1016/j.quaint.2004.01.032},
	url = {https://doi.org/10.1016%2Fj.quaint.2004.01.032},
	year = 2004,
	month = {jan},
	publisher = {Elsevier {BV}},
	volume = {122},
	number = {1},
	pages = {69--84},
	author = {A.A. Andreev and P.E. Tarasov and V.A. Klimanov and M. Melles and O.M. Lisitsyna and H.-W. Hubberten},
	title = {Vegetation and climate changes around the Lama Lake, Taymyr Peninsula, Russia during the Late Pleistocene and Holocene},
	journal = {Quaternary International}
}
@article{Anshari_2004,
	doi = {10.1002/jqs.879},
	url = {https://doi.org/10.1002%2Fjqs.879},
	year = 2004,
	month = {sep},
	publisher = {Wiley},
	volume = {19},
	number = {7},
	pages = {637--655},
	author = {Gusti Anshari and A. Peter Kershaw and Sander Van Der Kaars and Geraldine Jacobsen},
	title = {Environmental change and peatland forest dynamics in the Lake Sentarum area, West Kalimantan, Indonesia},
	journal = {Journal of Quaternary Science}
}
@article{Anshari_2010,
	doi = {10.5194/bg-7-3403-2010},
	url = {https://doi.org/10.5194%2Fbg-7-3403-2010},
	year = 2010,
	month = {nov},
	publisher = {Copernicus {GmbH}},
	volume = {7},
	number = {11},
	pages = {3403--3419},
	author = {G. Z. Anshari and M. Afifudin and M. Nuriman and E. Gusmayanti and L. Arianie and R. Susana and R. W. Nusantara and J. Sugardjito and A. Rafiastanto},
	title = {Drainage and land use impacts on changes in selected peat properties and peat degradation in West Kalimantan Province, Indonesia},
	journal = {Biogeosciences}
}
@article{Aravena_1993,
	doi = {10.1017/s0033822200064948},
	url = {https://doi.org/10.1017%2Fs0033822200064948},
	year = 1993,
	publisher = {Cambridge University Press ({CUP})},
	volume = {35},
	number = {2},
	pages = {271--276},
	author = {Ramon Aravena and B. G. Warner and D. J. Charman and L. R. Belyea and S. P. Mathur and Henri Dinel},
	title = {Carbon Isotopic Composition of Deep Carbon Gases in an Ombrogenous Peatland, Northwestern Ontario, Canada},
	journal = {Radiocarbon}
}
@article{Arlen_Pouliot_2005,
	doi = {10.1191/0959683605hl818rp},
	url = {https://doi.org/10.1191%2F0959683605hl818rp},
	year = 2005,
	month = {apr},
	publisher = {{SAGE} Publications},
	volume = {15},
	number = {3},
	pages = {408--419},
	author = {Yann Arlen-Pouliot and Najat Bhiry},
	title = {Palaeoecology of a palsa and a filled thermokarst pond in a permafrost                 peatland, subarctic Qu{\'{e}}bec, Canada},
	journal = {The Holocene}
}
@article{Atarashi_Andoh_2012,
	doi = {10.1016/j.agrformet.2011.09.015},
	url = {https://doi.org/10.1016%2Fj.agrformet.2011.09.015},
	year = 2012,
	month = {jan},
	publisher = {Elsevier {BV}},
	volume = {152},
	pages = {149--158},
	author = {Mariko Atarashi-Andoh and Jun Koarashi and Shigehiro Ishizuka and Keizo Hirai},
	title = {Seasonal patterns and control factors of {CO}2 effluxes from surface litter, soil organic carbon, and root-derived carbon estimated using radiocarbon signatures},
	journal = {Agricultural and Forest Meteorology}
}
@article{Baied_1993,
	doi = {10.2307/3673632},
	url = {https://doi.org/10.2307%2F3673632},
	year = 1993,
	month = {may},
	publisher = {{JSTOR}},
	volume = {13},
	number = {2},
	pages = {145},
	author = {Carlos A. Baied and Jane C. Wheeler},
	title = {Evolution of High Andean Puna Ecosystems: Environment, Climate, and Culture Change over the Last 12,000 Years in the Central Andes},
	journal = {Mountain Research and Development}
}
@article{Baisden_2002,
	doi = {10.1029/2001gb001822},
	url = {https://doi.org/10.1029%2F2001gb001822},
	year = 2002,
	month = {dec},
	publisher = {American Geophysical Union ({AGU})},
	volume = {16},
	number = {4},
	pages = {64--1--64--16},
	author = {W. T. Baisden and R. Amundson and A. C. Cook and D. L. Brenner},
	title = {Turnover and storage of C and N in five density fractions from California annual grassland surface soils},
	journal = {Global Biogeochemical Cycles}
}
@article{Baisden_2007,
	doi = {10.1007/s10533-007-9101-7},
	url = {https://doi.org/10.1007%2Fs10533-007-9101-7},
	year = 2007,
	month = {jun},
	publisher = {Springer Science and Business Media {LLC}},
	volume = {85},
	number = {1},
	pages = {59--68},
	author = {W. Troy Baisden and Roger L. Parfitt},
	title = {Bomb 14C enrichment indicates decadal C pool in deep soil?},
	journal = {Biogeochemistry}
}
@article{Baisden_2011,
	doi = {10.1007/s10533-011-9675-y},
	url = {https://doi.org/10.1007%2Fs10533-011-9675-y},
	year = 2011,
	month = {nov},
	publisher = {Springer Science and Business Media {LLC}},
	volume = {112},
	number = {1-3},
	pages = {129--137},
	author = {W. Troy Baisden and Roger L. Parfitt and Craig Ross and Louis A. Schipper and Silvia Canessa},
	title = {Evaluating 50~years of time-series soil radiocarbon data: towards routine calculation of robust C residence times},
	journal = {Biogeochemistry}
}
@article{Basile_Doelsch_2005,
	doi = {10.1111/j.1365-2389.2005.00703.x},
	url = {https://doi.org/10.1111%2Fj.1365-2389.2005.00703.x},
	year = 2005,
	month = {mar},
	publisher = {Wiley},
	volume = {0},
	number = {0},
	pages = {050912034650042},
	author = {I. Basile-Doelsch and R. Amundson and W. E. E. Stone and C. A. Masiello and J. Y. Bottero and F. Colin and F. Masin and D. Borschneck and J. D. Meunier},
	title = {Mineralogical control of organic carbon dynamics in a volcanic ash soil on La Reunion},
	journal = {European Journal of Soil Science}
}
@article{BAUER_2011,
	doi = {10.1111/j.1502-3885.2011.00210.x},
	url = {https://doi.org/10.1111%2Fj.1502-3885.2011.00210.x},
	year = 2011,
	month = {may},
	publisher = {Wiley},
	volume = {40},
	number = {4},
	pages = {714--726},
	author = {ILKA E. BAUER and DALE H. VITT},
	title = {Peatland dynamics in a complex landscape: Development of a fen-bog complex in the Sporadic Discontinuous Permafrost zone of northern Alberta, Canada},
	journal = {Boreas}
}
@article{Bauters_2019,
	doi = {10.1111/btp.12647},
	url = {https://doi.org/10.1111%2Fbtp.12647},
	year = 2019,
	month = {apr},
	publisher = {Wiley},
	volume = {51},
	number = {3},
	pages = {319--329},
	author = {Marijn Bauters and Oscar Vercleyen and Bernard Vanlauwe and Johan Six and Bernard Bonyoma and Henri Badjoko and Wannes Hubau and Alison Hoyt and Mathieu Boudin and Hans Verbeeck and Pascal Boeckx},
	title = {Long-term recovery of the functional community assembly and carbon pools in an African tropical forest succession},
	journal = {Biotropica}
}
@article{Beaulieu_Audy_2009,
	doi = {10.1177/0959683608101395},
	url = {https://doi.org/10.1177%2F0959683608101395},
	year = 2009,
	month = {may},
	publisher = {{SAGE} Publications},
	volume = {19},
	number = {3},
	pages = {459--476},
	author = {V{\'{e}}ronique Beaulieu-Audy and Michelle Garneau and Pierre J.H. Richard and Hans Asnong},
	title = {Holocene palaeoecological reconstruction of three boreal peatlands in the La Grande Rivi{\`{e}}re region, Qu{\'{e}}bec, Canada},
	journal = {The Holocene}
}
@article{Becker_Heidmann_1986,
	doi = {10.1017/s0033822200007499},
	url = {https://doi.org/10.1017%2Fs0033822200007499},
	year = 1986,
	publisher = {Cambridge University Press ({CUP})},
	volume = {28},
	number = {2A},
	pages = {383--390},
	author = {Peter Becker-Heidmann and Hans-Wilhelm Scharpenseel},
	title = {Thin Layer $\updelta$13C and D14C Monitoring of {\textquotedblleft}Lessive{\textquotedblright} Soil Profiles},
	journal = {Radiocarbon}
}
@article{Becker_Heidmann_1989,
	doi = {10.1017/s0033822200012273},
	url = {https://doi.org/10.1017%2Fs0033822200012273},
	year = 1989,
	publisher = {Cambridge University Press ({CUP})},
	volume = {31},
	number = {03},
	pages = {672--679},
	author = {Peter Becker-Heidmann and H-W Scharpenseel},
	title = {Carbon Isotope Dynamics in Some Tropical Soils},
	journal = {Radiocarbon}
}
@article{Becker_Heidmann_2002,
	doi = {10.1017/s0033822200064687},
	url = {https://doi.org/10.1017%2Fs0033822200064687},
	year = 2002,
	publisher = {Cambridge University Press ({CUP})},
	volume = {44},
	number = {1},
	pages = {63--73},
	author = {Peter Becker-Heidmann and Olaf Andresen and Dov Kalmar and Hans-Wilhelm Scharpenseel and Dan H Yaalon},
	title = {Carbon Dynamics in Vertisols as Revealed by High-Resolution Sampling},
	journal = {Radiocarbon}
}
@article{Behling_1995,
	doi = {10.1007/bf00203932},
	url = {https://doi.org/10.1007%2Fbf00203932},
	year = 1995,
	month = {sep},
	publisher = {Springer Science and Business Media {LLC}},
	volume = {4},
	number = {3},
	author = {Hermann Behling},
	title = {Investigations into the late Pleistocene and Holocene history of vegetation and climate in Santa Catarina (S Brazil)},
	journal = {Vegetation History and Archaeobotany}
}
@article{Behling_2006,
	doi = {10.1098/rstb.2006.1984},
	url = {https://doi.org/10.1098%2Frstb.2006.1984},
	year = 2006,
	month = {dec},
	publisher = {The Royal Society},
	volume = {362},
	number = {1478},
	pages = {243--251},
	author = {Hermann Behling and Val{\'{e}}rio DePatta Pillar},
	title = {Late Quaternary vegetation, biodiversity and fire dynamics on the southern Brazilian highland and their implication for conservation and management of modern
		            Araucaria
		            forest and grassland ecosystems},
	journal = {Philosophical Transactions of the Royal Society B: Biological Sciences}
}
@article{Beilman_2019,
	doi = {10.3389/feart.2019.00188},
	url = {https://doi.org/10.3389%2Ffeart.2019.00188},
	year = 2019,
	month = {aug},
	publisher = {Frontiers Media {SA}},
	volume = {7},
	author = {David W. Beilman and Charly Massa and Jonathan E. Nichols and Oliver Elison Timm and Russel Kallstrom and Stephanie Dunbar-Co},
	title = {Dynamic Holocene Vegetation and North Pacific Hydroclimate Recorded in a Mountain Peatland, Moloka`i, Hawai`i},
	journal = {Frontiers in Earth Science}
}
@article{Bellisario_1999,
	doi = {10.1029/1998gb900021},
	url = {https://doi.org/10.1029%2F1998gb900021},
	year = 1999,
	month = {mar},
	publisher = {American Geophysical Union ({AGU})},
	volume = {13},
	number = {1},
	pages = {81--91},
	author = {L. M. Bellisario and J. L. Bubier and T. R. Moore and J. P. Chanton},
	title = {Controls on {CH}4emissions from a northern peatland},
	journal = {Global Biogeochemical Cycles}
}
@article{Benfield_2021,
	doi = {10.1016/j.quascirev.2020.106687},
	url = {https://doi.org/10.1016%2Fj.quascirev.2020.106687},
	year = 2021,
	month = {jan},
	publisher = {Elsevier {BV}},
	volume = {251},
	pages = {106687},
	author = {Adam J. Benfield and Zicheng Yu and Juan C. Benavides},
	title = {Environmental controls over Holocene carbon accumulation in Distichia muscoides-dominated peatlands in the eastern Andes of Colombia},
	journal = {Quaternary Science Reviews}
}
@article{Benner_2004,
	doi = {10.1029/2003gl019251},
	url = {https://doi.org/10.1029%2F2003gl019251},
	year = 2004,
	month = {mar},
	publisher = {American Geophysical Union ({AGU})},
	volume = {31},
	number = {5},
	pages = {n/a--n/a},
	author = {Ronald Benner and Bryan Benitez-Nelson and Karl Kaiser and Rainer M. W. Amon},
	title = {Export of young terrigenous dissolved organic carbon from rivers to the Arctic Ocean},
	journal = {Geophysical Research Letters}
}
@incollection{Berg_2004,
	doi = {10.1007/978-3-662-06073-5_16},
	url = {https://doi.org/10.1007%2F978-3-662-06073-5_16},
	year = 2004,
	publisher = {Springer Berlin Heidelberg},
	pages = {271--278},
	author = {B. Berg and P. Gerstberger},
	title = {Element Fluxes with Litterfall in Mature Stands of Norway Spruce and European Beech in Bavaria, South Germany},
	booktitle = {Ecological Studies}
}
@article{Berhe_2012,
	doi = {10.1029/2011jg001790},
	url = {https://doi.org/10.1029%2F2011jg001790},
	year = 2012,
	month = {jun},
	publisher = {American Geophysical Union ({AGU})},
	volume = {117},
	number = {G2},
	pages = {n/a--n/a},
	author = {Asmeret Asefaw Berhe and Jennifer W. Harden and Margaret S. Torn and Markus Kleber and Sarah D. Burton and John Harte},
	title = {Persistence of soil organic matter in eroding versus depositional landform positions},
	journal = {Journal of Geophysical Research: Biogeosciences}
}
@article{Bhiry_2007,
	doi = {10.1016/j.yqres.2006.11.009},
	url = {https://doi.org/10.1016%2Fj.yqres.2006.11.009},
	year = 2007,
	month = {may},
	publisher = {Cambridge University Press ({CUP})},
	volume = {67},
	number = {3},
	pages = {426--437},
	author = {Najat Bhiry and Serge Payette and {\'{E}}lisabeth C. Robert},
	title = {Peatland development at the arctic tree line (Qu{\'{e}}bec, Canada) influenced by flooding and permafrost},
	journal = {Quaternary Research}
}
@article{Biedenbender_2004,
	doi = {10.1016/s0016-7061(03)00234-9},
	url = {https://doi.org/10.1016%2Fs0016-7061%2803%2900234-9},
	year = 2004,
	month = {mar},
	publisher = {Elsevier {BV}},
	volume = {119},
	number = {1-2},
	pages = {69--83},
	author = {Sharon H. Biedenbender and Mitchel P. McClaran and Jay Quade and Mark A. Weltz},
	title = {Landscape patterns of vegetation change indicated by soil carbon isotope composition},
	journal = {Geoderma}
}
@article{Billings_1987,
	doi = {10.1016/0277-3791(87)90032-1},
	url = {https://doi.org/10.1016%2F0277-3791%2887%2990032-1},
	year = 1987,
	month = {jan},
	publisher = {Elsevier {BV}},
	volume = {6},
	number = {2},
	pages = {165--177},
	author = {W.D. Billings},
	title = {Carbon balance of Alaskan tundra and taiga ecosystems: past, present and future},
	journal = {Quaternary Science Reviews}
}
@article{Binkley_1999,
	doi = {10.2136/sssaj1999.03615995006300010032x},
	url = {https://doi.org/10.2136%2Fsssaj1999.03615995006300010032x},
	year = 1999,
	month = {jan},
	publisher = {Wiley},
	volume = {63},
	number = {1},
	pages = {222--225},
	author = {Dan Binkley and Sigrid C. Resh},
	title = {Rapid Changes in Soils Following Eucalyptus Afforestation in Hawaii},
	journal = {Soil Science Society of America Journal}
}
@article{Bird_2002,
	doi = {10.1046/j.1365-2389.2002.00444.x},
	url = {https://doi.org/10.1046%2Fj.1365-2389.2002.00444.x},
	year = 2002,
	month = {sep},
	publisher = {Wiley},
	volume = {53},
	number = {3},
	pages = {393--403},
	author = {M. Bird and H. Santr{\`{u}}ckov{\'{a}} and J. Lloyd and E. Lawson},
	title = {The isotopic composition of soil organic carbon on a north-south transect in western Canada},
	journal = {European Journal of Soil Science}
}
@article{Blyakharchuk_1999,
	doi = {10.1191/095968399676614561},
	url = {https://doi.org/10.1191%2F095968399676614561},
	year = 1999,
	month = {jul},
	publisher = {{SAGE} Publications},
	volume = {9},
	number = {5},
	pages = {621--628},
	author = {Tatyana A. Blyakharchuk and Leopold D. Sulerzhitsky},
	title = {Holocene vegetational and climatic changes in the forest zone of Western                 Siberia according to pollen records from the extrazonal palsa bog Bugristoye},
	journal = {The Holocene}
}
@article{Blyakharchuk_2003,
	doi = {10.1191/0959683603hl658rp},
	url = {https://doi.org/10.1191%2F0959683603hl658rp},
	year = 2003,
	month = {jul},
	publisher = {{SAGE} Publications},
	volume = {13},
	number = {5},
	pages = {715--731},
	author = {Tatyana A. Blyakharchuk},
	title = {Four new pollen sections tracing the Holocene vegetational development of the                 southern part of the West Siberan Lowland},
	journal = {The Holocene}
}
@article{BOL_1996,
	doi = {10.1111/j.1365-2389.1996.tb01392.x},
	url = {https://doi.org/10.1111%2Fj.1365-2389.1996.tb01392.x},
	year = 1996,
	month = {jun},
	publisher = {Wiley},
	volume = {47},
	number = {2},
	pages = {215--222},
	author = {R. BOL and Y. HUANG and J.A. MERIDITH and G. EGLINTON and D.D. HARKNESS and P. INESON},
	title = {The 14C age and residence time of organic matter and its lipid constituents in a stagnohumic gley soil},
	journal = {European Journal of Soil Science}
}
@article{Bol_2003,
	doi = {10.1002/jpln.200390047},
	url = {https://doi.org/10.1002%2Fjpln.200390047},
	year = 2003,
	month = {jun},
	publisher = {Wiley},
	volume = {166},
	number = {3},
	pages = {300--307},
	author = {Roland Bol and Thomas Bolger and Raymond Cully and Declan Little},
	title = {Recalcitrant soil organic materials mineralize more efficiently at higher temperatures},
	journal = {Journal of Plant Nutrition and Soil Science}
}
@article{BORKEN_2005,
	doi = {10.1111/j.1365-2486.2005.001058.x},
	url = {https://doi.org/10.1111%2Fj.1365-2486.2005.001058.x},
	year = 2005,
	month = {nov},
	publisher = {Wiley},
	volume = {12},
	number = {2},
	pages = {177--193},
	author = {WERNER BORKEN and KATHLEEN SAVAGE and ERIC A. DAVIDSON and SUSAN E. TRUMBORE},
	title = {Effects of experimental drought on soil respiration and radiocarbon efflux from a temperate forest soil},
	journal = {Global Change Biology}
}
@article{Bouchard_2015,
	doi = {10.5194/bg-12-7279-2015},
	url = {https://doi.org/10.5194%2Fbg-12-7279-2015},
	year = 2015,
	month = {dec},
	publisher = {Copernicus {GmbH}},
	volume = {12},
	number = {23},
	pages = {7279--7298},
	author = {F. Bouchard and I. Laurion and V. Pr{\&}amp$\mathsemicolon${\#}x0117$\mathsemicolon$skienis and D. Fortier and X. Xu and M. J. Whiticar},
	title = {Modern to millennium-old greenhouse gases emitted from ponds and lakes of the Eastern Canadian Arctic (Bylot Island, Nunavut)},
	journal = {Biogeosciences}
}
@article{Butman_2007,
	doi = {10.1016/j.orggeochem.2007.05.011},
	url = {https://doi.org/10.1016%2Fj.orggeochem.2007.05.011},
	year = 2007,
	month = {sep},
	publisher = {Elsevier {BV}},
	volume = {38},
	number = {9},
	pages = {1547--1557},
	author = {David Butman and Peter Raymond and Neung-Hwan Oh and Kari Mull},
	title = {Quantity, 14C age and lability of desorbed soil organic carbon in fresh water and seawater},
	journal = {Organic Geochemistry}
}
@article{Butnor_2017,
	doi = {10.1016/j.foreco.2017.01.014},
	url = {https://doi.org/10.1016%2Fj.foreco.2017.01.014},
	year = 2017,
	month = {apr},
	publisher = {Elsevier {BV}},
	volume = {390},
	pages = {15--26},
	author = {John R. Butnor and Lisa J. Samuelson and Kurt H. Johnsen and Peter H. Anderson and Carlos A. Gonz{\'{a}}lez Benecke and Claudia M. Boot and M. Francesca Cotrufo and Katherine A. Heckman and Jason A. Jackson and Thomas A. Stokes and Stanley J. Zarnoch},
	title = {Vertical distribution and persistence of soil organic carbon in fire-adapted longleaf pine forests},
	journal = {Forest Ecology and Management}
}
@article{Camill_2009,
	doi = {10.1029/2009jg001071},
	url = {https://doi.org/10.1029%2F2009jg001071},
	year = 2009,
	month = {dec},
	publisher = {American Geophysical Union ({AGU})},
	volume = {114},
	number = {G4},
	author = {Philip Camill and Ann Barry and Evie Williams and Christian Andreassi and Jacob Limmer and Donald Solick},
	title = {Climate-vegetation-fire interactions and their impact on long-term carbon dynamics in a boreal peatland landscape in northern Manitoba, Canada},
	journal = {Journal of Geophysical Research}
}
@article{Caner_2003,
	doi = {10.1016/s0016-7061(03)00127-7},
	url = {https://doi.org/10.1016%2Fs0016-7061%2803%2900127-7},
	year = 2003,
	month = {dec},
	publisher = {Elsevier {BV}},
	volume = {117},
	number = {3-4},
	pages = {251--265},
	author = {Laurent Caner and Fran{\c{c}}ois Toutain and G{\'{e}}rard Bourgeon and Adrien-Jules Herbillon},
	title = {Occurrence of sombric-like subsurface A horizons in some andic soils of the Nilgiri Hills (Southern India) and their palaeoecological significance},
	journal = {Geoderma}
}
@article{Carbone_2008,
	doi = {10.1029/2007jg000611},
	url = {https://doi.org/10.1029%2F2007jg000611},
	year = 2008,
	month = {may},
	publisher = {American Geophysical Union ({AGU})},
	volume = {113},
	number = {G2},
	pages = {n/a--n/a},
	author = {Mariah S. Carbone and Gregory C. Winston and Susan E. Trumbore},
	title = {Soil respiration in perennial grass and shrub ecosystems: Linking environmental controls with plant and microbial sources on seasonal and diel timescales},
	journal = {Journal of Geophysical Research: Biogeosciences}
}
@article{Carbone_2011,
	doi = {10.1007/s00442-011-1975-3},
	url = {https://doi.org/10.1007%2Fs00442-011-1975-3},
	year = 2011,
	month = {apr},
	publisher = {Springer Science and Business Media {LLC}},
	volume = {167},
	number = {1},
	pages = {265--278},
	author = {Mariah S. Carbone and Christopher J. Still and Anthony R. Ambrose and Todd E. Dawson and A. Park Williams and Claudia M. Boot and Sean M. Schaeffer and Joshua P. Schimel},
	title = {Seasonal and episodic moisture controls on plant and microbial contributions to soil respiration},
	journal = {Oecologia}
}
@article{Carbone_2016,
	doi = {10.1002/2016jg003386},
	url = {https://doi.org/10.1002%2F2016jg003386},
	year = 2016,
	month = {sep},
	publisher = {American Geophysical Union ({AGU})},
	volume = {121},
	number = {9},
	pages = {2476--2492},
	author = {Mariah S. Carbone and Andrew D. Richardson and Min Chen and Eric A. Davidson and Holly Hughes and Kathleen E. Savage and David Y. Hollinger},
	title = {Constrained partitioning of autotrophic and heterotrophic respiration reduces model uncertainties of forest ecosystem carbon fluxes but not stocks},
	journal = {Journal of Geophysical Research: Biogeosciences}
}
@incollection{Castanha_2012,
	doi = {10.5772/36735},
	url = {https://doi.org/10.5772%2F36735},
	year = 2012,
	month = {feb},
	publisher = {{InTech}},
	author = {C. Castanha and S.E. Trumbore and R. Amundso},
	title = {Mineral and Organic Matter Characterization of Density Fractions of Basalt- and Granite-Derived Soils in Montane California},
	booktitle = {An Introduction to the Study of Mineralogy}
}
@article{Chabbi_2009,
	doi = {10.1016/j.soilbio.2008.10.033},
	url = {https://doi.org/10.1016%2Fj.soilbio.2008.10.033},
	year = 2009,
	month = {feb},
	publisher = {Elsevier {BV}},
	volume = {41},
	number = {2},
	pages = {256--261},
	author = {A. Chabbi and I. Kögel-Knabner and C. Rumpel},
	title = {Stabilised carbon in subsoil horizons is located in spatially distinct parts of the soil profile},
	journal = {Soil Biology and Biochemistry}
}
@article{Chasar_2000,
	doi = {10.1029/1999gb001221},
	url = {https://doi.org/10.1029%2F1999gb001221},
	year = 2000,
	month = {dec},
	publisher = {American Geophysical Union ({AGU})},
	volume = {14},
	number = {4},
	pages = {1095--1108},
	author = {L. S. Chasar and J. P. Chanton and P. H. Glaser and D. I. Siegel and J. S. Rivers},
	title = {Radiocarbon and stable carbon isotopic evidence for transport and transformation of dissolved organic carbon, dissolved inorganic carbon, and {CH}4in a northern Minnesota peatland},
	journal = {Global Biogeochemical Cycles}
}
@article{Chen_2002,
	doi = {10.1016/s0341-8162(02)00044-9},
	url = {https://doi.org/10.1016%2Fs0341-8162%2802%2900044-9},
	year = 2002,
	month = {oct},
	publisher = {Elsevier {BV}},
	volume = {49},
	number = {3},
	pages = {217--229},
	author = {Qingqiang Chen and Yanmin Sun and Chengde Shen and Shaolin Peng and Weixi Yi and Zhi{\textquotesingle}an Li and Mantao Jiang},
	title = {Organic matter turnover rates and {CO}2 flux from organic matter decomposition of mountain soil profiles in the subtropical area, south China},
	journal = {{CATENA}}
}
@article{Chen_2021,
	doi = {10.1111/ele.13723},
	url = {https://doi.org/10.1111%2Fele.13723},
	year = 2021,
	month = {mar},
	publisher = {Wiley},
	volume = {24},
	number = {5},
	pages = {1018--1028},
	author = {Leiyi Chen and Kai Fang and Bin Wei and Shuqi Qin and Xuehui Feng and Tianyu Hu and Chengjun Ji and Yuanhe Yang},
	editor = {Elsa Cleland},
	title = {Soil carbon persistence governed by plant input and mineral protection at regional and global scales},
	journal = {Ecology Letters}
}
@article{Cherkinsky_1996,
	doi = {10.1017/s0033822200017616},
	url = {https://doi.org/10.1017%2Fs0033822200017616},
	year = 1996,
	publisher = {Cambridge University Press ({CUP})},
	volume = {38},
	number = {2},
	pages = {241--245},
	author = {A. E. Cherkinsky},
	title = {14C Dating and Soil Organic Matter Dynamics in Arctic and Subarctic Ecosystems},
	journal = {Radiocarbon}
}
@article{Chiti_2009,
	doi = {10.1016/j.geoderma.2008.11.030},
	url = {https://doi.org/10.1016%2Fj.geoderma.2008.11.030},
	year = 2009,
	month = {feb},
	publisher = {Elsevier {BV}},
	volume = {149},
	number = {1-2},
	pages = {137--142},
	author = {T. Chiti and R.E.M. Neubert and I.A. Janssens and G. Certini and J. Curiel Yuste and C. Sirignano},
	title = {Radiocarbon dating reveals different past managements of adjacent forest soils in the Campine region, Belgium},
	journal = {Geoderma}
}
@article{Chiti_2010,
	doi = {10.1007/s11104-009-0265-x},
	url = {https://doi.org/10.1007%2Fs11104-009-0265-x},
	year = 2010,
	month = {jan},
	publisher = {Springer Science and Business Media {LLC}},
	volume = {331},
	number = {1-2},
	pages = {453--461},
	author = {Tommaso Chiti and Giacomo Certini and Elisa Grieco and Riccardo Valentini},
	title = {The role of soil in storing carbon in tropical rainforests: the case of Ankasa Park, Ghana},
	journal = {Plant and Soil}
}
@article{Chiti_2015,
	doi = {10.1007/s10021-015-9915-4},
	url = {https://doi.org/10.1007%2Fs10021-015-9915-4},
	year = 2015,
	month = {sep},
	publisher = {Springer Science and Business Media {LLC}},
	volume = {19},
	number = {1},
	pages = {62--72},
	author = {Tommaso Chiti and Giacomo Certini and Claudia Forte and Dario Papale and Riccardo Valentini},
	title = {Radiocarbon-Based Assessment of Heterotrophic Soil Respiration in Two Mediterranean Forests},
	journal = {Ecosystems}
}
@article{Chiti_2018,
	doi = {10.1007/s00374-018-1313-6},
	url = {https://doi.org/10.1007%2Fs00374-018-1313-6},
	year = 2018,
	month = {sep},
	publisher = {Springer Science and Business Media {LLC}},
	volume = {54},
	number = {8},
	pages = {897--907},
	author = {T. Chiti and A. Rey and K. Jeffery and M. Lauteri and V. Mihindou and Y. Malhi and F. Marzaioli and L. J. T. White and R. Valentini},
	title = {Contribution and stability of forest-derived soil organic carbon during woody encroachment in a tropical savanna. A case study in Gabon},
	journal = {Biology and Fertility of Soils}
}
@article{Chiti_2017,
	doi = {10.1007/s11104-017-3489-1},
	url = {https://doi.org/10.1007%2Fs11104-017-3489-1},
	year = 2017,
	month = {nov},
	publisher = {Springer Science and Business Media {LLC}},
	volume = {422},
	number = {1-2},
	pages = {527--539},
	author = {T. Chiti and E. D{\'{\i}}az-Pin{\'{e}}s and K. Butterbach-Bahl and F. Marzaioli and R. Valentini},
	title = {Soil organic carbon changes following degradation and conversion to cypress and tea plantations in a tropical mountain forest in Kenya},
	journal = {Plant and Soil}
}
@article{Chorover_2004,
	doi = {10.1016/j.gca.2004.06.005},
	url = {https://doi.org/10.1016%2Fj.gca.2004.06.005},
	year = 2004,
	month = {dec},
	publisher = {Elsevier {BV}},
	volume = {68},
	number = {23},
	pages = {4859--4876},
	author = {Jon Chorover and Mary Kay Amistadi and Oliver A. Chadwick},
	title = {Surface charge evolution of mineral-organic complexes during pedogenesis in Hawaiian basalt},
	journal = {Geochimica et Cosmochimica Acta}
}
@article{Cobb_2017,
	doi = {10.1073/pnas.1701090114},
	url = {https://doi.org/10.1073%2Fpnas.1701090114},
	year = 2017,
	month = {jun},
	publisher = {Proceedings of the National Academy of Sciences},
	pages = {201701090},
	author = {Alexander R. Cobb and Alison M. Hoyt and Laure Gandois and Jangarun Eri and Ren{\'{e}} Dommain and Kamariah Abu Salim and Fuu Ming Kai and Nur Salihah Haji Su'ut and Charles F. Harvey},
	title = {How temporal patterns in rainfall determine the geomorphology and carbon fluxes of tropical peatlands},
	journal = {Proceedings of the National Academy of Sciences}
}
@article{Cole_2015,
	doi = {10.1111/1365-2745.12329},
	url = {https://doi.org/10.1111%2F1365-2745.12329},
	year = 2015,
	month = {jan},
	publisher = {Wiley},
	volume = {103},
	number = {1},
	pages = {16--30},
	author = {Lydia E. S. Cole and Shonil A. Bhagwat and Katherine J. Willis},
	editor = {David Gibson},
	title = {Long-term disturbance dynamics and resilience of tropical peat swamp forests},
	journal = {Journal of Ecology}
}
@article{Conen_2008,
	doi = {10.5194/bg-5-123-2008},
	url = {https://doi.org/10.5194%2Fbg-5-123-2008},
	year = 2008,
	month = {feb},
	publisher = {Copernicus {GmbH}},
	volume = {5},
	number = {1},
	pages = {123--128},
	author = {F. Conen and M. Zimmermann and J. Leifeld and B. Seth and C. Alewell},
	title = {Relative stability of soil carbon revealed by shifts in $\updelta${\&}lt$\mathsemicolon$sup{\&}gt$\mathsemicolon$15{\&}lt$\mathsemicolon$/sup{\&}gt$\mathsemicolon$N and C:N ratio},
	journal = {Biogeosciences}
}
@article{Cook_2018,
	doi = {10.5194/bg-15-7435-2018},
	url = {https://doi.org/10.5194%2Fbg-15-7435-2018},
	year = 2018,
	month = {dec},
	publisher = {Copernicus {GmbH}},
	volume = {15},
	number = {24},
	pages = {7435--7450},
	author = {Sarah Cook and Mick J. Whelan and Chris D. Evans and Vincent Gauci and Mike Peacock and Mark H. Garnett and Lip Khoon Kho and Yit Arn Teh and Susan E. Page},
	title = {Fluvial organic carbon fluxes from oil palm plantations on tropical peatland},
	journal = {Biogeosciences}
}
@article{Cooper_2017,
	doi = {10.1038/nclimate3328},
	url = {https://doi.org/10.1038%2Fnclimate3328},
	year = 2017,
	month = {jun},
	publisher = {Springer Science and Business Media {LLC}},
	volume = {7},
	number = {7},
	pages = {507--511},
	author = {Mark D. A. Cooper and Cristian Estop-Aragon{\'{e}}s and James P. Fisher and Aaron Thierry and Mark H. Garnett and Dan J. Charman and Julian B. Murton and Gareth K. Phoenix and Rachael Treharne and Steve V. Kokelj and Stephen A. Wolfe and Antoni G. Lewkowicz and Mathew Williams and Iain P. Hartley},
	title = {Limited contribution of permafrost carbon to methane release from thawing peatlands},
	journal = {Nature Climate Change}
}
@article{Crews_1995,
	doi = {10.2307/1938144},
	url = {https://doi.org/10.2307%2F1938144},
	year = 1995,
	month = {jul},
	publisher = {Wiley},
	volume = {76},
	number = {5},
	pages = {1407--1424},
	author = {Timothy E. Crews and Kanehiro Kitayama and James H. Fownes and Ralph H. Riley and Darrell A. Herbert and Dieter Mueller-Dombois and Peter M. Vitousek},
	title = {Changes in Soil Phosphorus Fractions and Ecosystem Dynamics across a Long Chronosequence in Hawaii},
	journal = {Ecology}
}
@article{Crow_2014,
	doi = {10.1007/s10533-014-0051-6},
	url = {https://doi.org/10.1007%2Fs10533-014-0051-6},
	year = 2014,
	month = {nov},
	publisher = {Springer Science and Business Media {LLC}},
	volume = {123},
	number = {1-2},
	pages = {27--47},
	author = {Susan E. Crow and Mataia Reeves and Olivia S. Schubert and Carlos A. Sierra},
	title = {Optimization of method to quantify soil organic matter dynamics and carbon sequestration potential in volcanic ash soils},
	journal = {Biogeochemistry}
}
@article{CUSACK_2010,
	doi = {10.1111/j.1365-2486.2009.02131.x},
	url = {https://doi.org/10.1111%2Fj.1365-2486.2009.02131.x},
	year = 2010,
	month = {jan},
	publisher = {Wiley},
	author = {DANIELA F. CUSACK and MARGARET S. TORN and WILLIAM H. McDOWELL and WHENDEE L. SILVER},
	title = {The response of heterotrophic activity and carbon cycling to nitrogen additions and warming in two tropical soils},
	journal = {Global Change Biology}
}
@article{Cusack_2012,
	doi = {10.1029/2011gb004109},
	url = {https://doi.org/10.1029%2F2011gb004109},
	year = 2012,
	month = {may},
	publisher = {American Geophysical Union ({AGU})},
	volume = {26},
	number = {2},
	pages = {n/a--n/a},
	author = {Daniela F. Cusack and Oliver A. Chadwick and William C. Hockaday and Peter M. Vitousek},
	title = {Mineralogical controls on soil black carbon preservation},
	journal = {Global Biogeochemical Cycles}
}
@article{Cusack_2012,
	doi = {10.1007/s10533-012-9718-z},
	url = {https://doi.org/10.1007%2Fs10533-012-9718-z},
	year = 2012,
	month = {mar},
	publisher = {Springer Science and Business Media {LLC}},
	volume = {112},
	number = {1-3},
	pages = {229--243},
	author = {Daniela F. Cusack and Oliver A. Chadwick and Thegn Ladefoged and Peter M. Vitousek},
	title = {Long-term effects of agriculture on soil carbon pools and carbon chemistry along a Hawaiian environmental gradient},
	journal = {Biogeochemistry}
}
@article{Czimczik_2005,
	doi = {10.1111/j.1365-2389.2004.00665.x},
	url = {https://doi.org/10.1111%2Fj.1365-2389.2004.00665.x},
	year = 2005,
	month = {jun},
	publisher = {Wiley},
	volume = {56},
	number = {3},
	pages = {417--428},
	author = {C. I. Czimczik and M. W. I. Schmidt and E.-D. Schulze},
	title = {Effects of increasing fire frequency on black carbon and organic matter in Podzols of Siberian Scots pine forests},
	journal = {European Journal of Soil Science}
}
@article{Czimczik_2007,
	doi = {10.1029/2006jg000389},
	url = {https://doi.org/10.1029%2F2006jg000389},
	year = 2007,
	month = {jul},
	publisher = {American Geophysical Union ({AGU})},
	volume = {112},
	number = {G3},
	pages = {n/a--n/a},
	author = {Claudia I. Czimczik and Susan E. Trumbore},
	title = {Short-term controls on the age of microbial carbon sources in boreal forest soils},
	journal = {Journal of Geophysical Research: Biogeosciences}
}
@article{Czimczik_2010,
	doi = {10.1657/1938-4246-42.3.342},
	url = {https://doi.org/10.1657%2F1938-4246-42.3.342},
	year = 2010,
	month = {aug},
	publisher = {Informa {UK} Limited},
	volume = {42},
	number = {3},
	pages = {342--350},
	author = {Claudia I. Czimczik and Jeffrey M. Welker},
	title = {Radiocarbon Content of {CO}2 Respired from High Arctic Tundra in Northwest Greenland},
	journal = {Arctic, Antarctic, and Alpine Research}
}
@article{Dargie_2017,
	doi = {10.1038/nature21048},
	url = {https://doi.org/10.1038%2Fnature21048},
	year = 2017,
	month = {jan},
	publisher = {Springer Science and Business Media {LLC}},
	volume = {542},
	number = {7639},
	pages = {86--90},
	author = {Greta C. Dargie and Simon L. Lewis and Ian T. Lawson and Edward T. A. Mitchard and Susan E. Page and Yannick E. Bocko and Suspense A. Ifo},
	title = {Age, extent and carbon storage of the central Congo Basin peatland complex},
	journal = {Nature}
}
@article{de_Klerk_2011,
	doi = {10.1016/j.quascirev.2011.06.016},
	url = {https://doi.org/10.1016%2Fj.quascirev.2011.06.016},
	year = 2011,
	month = {oct},
	publisher = {Elsevier {BV}},
	volume = {30},
	number = {21-22},
	pages = {3013--3031},
	author = {Pim de Klerk and Norman Donner and Nikolay S. Karpov and Merten Minke and Hans Joosten},
	title = {Short-term dynamics of a low-centred ice-wedge polygon near Chokurdakh ({NE} Yakutia, {NE} Siberia) and climate change during the last ca 1250 years},
	journal = {Quaternary Science Reviews}
}
@article{De_Feudis_2019,
	doi = {10.1016/j.catena.2019.104091},
	url = {https://doi.org/10.1016%2Fj.catena.2019.104091},
	year = 2019,
	month = {oct},
	publisher = {Elsevier {BV}},
	volume = {181},
	pages = {104091},
	author = {M. De Feudis and V. Cardelli and L. Massaccesi and S.E. Trumbore and L. Vittori Antisari and S. Cocco and G. Corti and A. Agnelli},
	title = {Small altitudinal change and rhizosphere affect the {SOM} light fractions but not the heavy fraction in European beech forest soil},
	journal = {{CATENA}}
}
@article{de_Freitas_2001,
	doi = {10.1006/qres.2000.2192},
	url = {https://doi.org/10.1006%2Fqres.2000.2192},
	year = 2001,
	month = {jan},
	publisher = {Cambridge University Press ({CUP})},
	volume = {55},
	number = {1},
	pages = {39--46},
	author = {Hermes Augusto de Freitas and Luiz Carlos Ruiz Pessenda and Ramon Aravena and Susy Ely Marques Gouveia and Adauto de Souza Ribeiro and Ren{\'{e}} Boulet},
	title = {Late Quaternary Vegetation Dynamics in the Southern Amazon Basin Inferred from Carbon Isotopes in Soil Organic Matter},
	journal = {Quaternary Research}
}
@article{Desjardins_1994,
	doi = {10.1016/0016-7061(94)90013-2},
	url = {https://doi.org/10.1016%2F0016-7061%2894%2990013-2},
	year = 1994,
	month = {feb},
	publisher = {Elsevier {BV}},
	volume = {61},
	number = {1-2},
	pages = {103--118},
	author = {T. Desjardins and F. Andreux and B. Volkoff and C.C. Cerri},
	title = {Organic carbon and 13C contents in soils and soil size-fractions, and their changes due to deforestation and pasture installation in eastern Amazonia},
	journal = {Geoderma}
}
@article{Doetterl_2012,
	doi = {10.1111/j.1365-2486.2012.02680.x},
	url = {https://doi.org/10.1111%2Fj.1365-2486.2012.02680.x},
	year = 2012,
	month = {apr},
	publisher = {Wiley},
	volume = {18},
	number = {7},
	pages = {2218--2232},
	author = {Sebastian Doetterl and Johan Six and Bas Van Wesemael and Kristof Van Oost},
	title = {Carbon cycling in eroding landscapes: geomorphic controls on soil organic C pool composition and C stabilization},
	journal = {Global Change Biology}
}
@article{Doetterl_2015,
	doi = {10.1038/ngeo2516},
	url = {https://doi.org/10.1038%2Fngeo2516},
	year = 2015,
	month = {aug},
	publisher = {Springer Science and Business Media {LLC}},
	volume = {8},
	number = {10},
	pages = {780--783},
	author = {Sebastian Doetterl and Antoine Stevens and Johan Six and Roel Merckx and Kristof Van Oost and Manuel Casanova Pinto and Ang{\'{e}}lica Casanova-Katny and Cristina Mu{\~{n}}oz and Mathieu Boudin and Erick Zagal Venegas and Pascal Boeckx},
	title = {Soil carbon storage controlled by interactions between geochemistry and climate},
	journal = {Nature Geoscience}
}
@article{Bukombe_2021,
	doi = {10.5194/soil-2020-96},
	url = {https://doi.org/10.5194%2Fsoil-2020-96},
	year = 2021,
	month = {feb},
	publisher = {Copernicus {GmbH}},
	author = {Benjamin Bukombe and Peter Fiener and Alison M. Hoyt and Sebastian Doetterl},
	title = {Controls on heterotrophic soil respiration and carbon cycling in
		geochemically distinct African tropical forest soils}
}
@article{Reichenbach_2021,
	doi = {10.5194/soil-2020-92},
	url = {https://doi.org/10.5194%2Fsoil-2020-92},
	year = 2021,
	month = {jan},
	publisher = {Copernicus {GmbH}},
	author = {Mario Reichenbach and Peter Fiener and Gina Garland and Marco Griepentrog and Johan Six and Sebastian Doetterl},
	title = {The role of geochemistry in organic carbon stabilization in tropical rainforest soils}
}
@article{Dommain_2015,
	doi = {10.1002/2014jg002796},
	url = {https://doi.org/10.1002%2F2014jg002796},
	year = 2015,
	month = {apr},
	publisher = {American Geophysical Union ({AGU})},
	volume = {120},
	number = {4},
	pages = {617--640},
	author = {Ren{\'{e}} Dommain and Alexander R. Cobb and Hans Joosten and Paul H. Glaser and Amy F. L. Chua and Laure Gandois and Fuu-Ming Kai and Anders Noren and Kamariah A. Salim and N. Salihah H. Su{\textquotesingle}ut and Charles F. Harvey},
	title = {Forest dynamics and tip-up pools drive pulses of high carbon accumulation rates in a tropical peat dome in Borneo (Southeast Asia)},
	journal = {Journal of Geophysical Research: Biogeosciences}
}
@article{Dommain_2020,
	doi = {10.3389/fevo.2020.00218},
	url = {https://doi.org/10.3389%2Ffevo.2020.00218},
	year = 2020,
	month = {jul},
	publisher = {Frontiers Media {SA}},
	volume = {8},
	author = {Ren{\'{e}} Dommain and Morgan Andama and Molly M. McDonough and Natalia A. Prado and Tobias Goldhammer and Richard Potts and Jes{\'{u}}s E. Maldonado and John Bosco Nkurunungi and Michael G. Campana},
	title = {The Challenges of Reconstructing Tropical Biodiversity With Sedimentary Ancient {DNA}: A 2200-Year-Long Metagenomic Record From Bwindi Impenetrable Forest, Uganda},
	journal = {Frontiers in Ecology and Evolution}
}
@article{D_rr_1980,
	doi = {10.1017/s0033822200010316},
	url = {https://doi.org/10.1017%2Fs0033822200010316},
	year = 1980,
	publisher = {Cambridge University Press ({CUP})},
	volume = {22},
	number = {3},
	pages = {909--918},
	author = {Helmut Dörr and Karl Otto Münnich},
	title = {Carbon-14 and Carbon-13 in Soil Co2},
	journal = {Radiocarbon}
}
@article{D_rr_1986,
	doi = {10.1017/s0033822200007438},
	url = {https://doi.org/10.1017%2Fs0033822200007438},
	year = 1986,
	publisher = {Cambridge University Press ({CUP})},
	volume = {28},
	number = {2A},
	pages = {338--345},
	author = {Helmut Dörr and K O Münnich},
	title = {Annual Variations of the 14C Content of Soil {CO}2},
	journal = {Radiocarbon}
}
@article{D_rr_1989,
	doi = {10.1017/s003382220001225x},
	url = {https://doi.org/10.1017%2Fs003382220001225x},
	year = 1989,
	publisher = {Cambridge University Press ({CUP})},
	volume = {31},
	number = {03},
	pages = {655--663},
	author = {Helmut Dörr and K O Münnich},
	title = {Downward Movement of Soil Organic Matter and Its Influence on Trace-Element Transport (210Pb, 137Cs) in the Soil},
	journal = {Radiocarbon}
}
@article{Drake_2019,
	doi = {10.1038/s41561-019-0384-9},
	url = {https://doi.org/10.1038%2Fs41561-019-0384-9},
	year = 2019,
	month = {jun},
	publisher = {Springer Science and Business Media {LLC}},
	volume = {12},
	number = {7},
	pages = {541--546},
	author = {Travis W. Drake and Kristof Van Oost and Matti Barthel and Marijn Bauters and Alison M. Hoyt and David C. Podgorski and Johan Six and Pascal Boeckx and Susan E. Trumbore and Landry Cizungu Ntaboba and Robert G. M. Spencer},
	title = {Mobilization of aged and biolabile soil carbon by tropical deforestation},
	journal = {Nature Geoscience}
}
@article{Dredge_2005,
	doi = {10.7202/010328ar},
	url = {https://doi.org/10.7202%2F010328ar},
	year = 2005,
	month = {feb},
	publisher = {Consortium Erudit},
	volume = {57},
	number = {1},
	pages = {7--19},
	author = {Lynda A. Dredge and Robert J. Mott},
	title = {Holocene Pollen Records and Peatland Development, Northeastern Manitoba{\ast}},
	journal = {G{\'{e}}ographie physique et Quaternaire}
}
@article{D_mig_2008,
	doi = {10.1016/j.geoderma.2007.06.005},
	url = {https://doi.org/10.1016%2Fj.geoderma.2007.06.005},
	year = 2008,
	month = {may},
	publisher = {Elsevier {BV}},
	volume = {145},
	number = {1-2},
	pages = {143--157},
	author = {Alexander Dümig and Peter Schad and Cornelia Rumpel and Marie-France Dignac and Ingrid Kögel-Knabner},
	title = {Araucaria forest expansion on grassland in the southern Brazilian highlands as revealed by 14C and $\updelta$13C studies},
	journal = {Geoderma}
}
@article{DUTTA_2006,
	doi = {10.1111/j.1365-2486.2006.01259.x},
	url = {https://doi.org/10.1111%2Fj.1365-2486.2006.01259.x},
	year = 2006,
	month = {sep},
	publisher = {Wiley},
	volume = {12},
	number = {12},
	pages = {2336--2351},
	author = {KOUSHIK DUTTA and E. A. G. SCHUUR and J. C. NEFF and S. A. ZIMOV},
	title = {Potential carbon release from permafrost soils of Northeastern Siberia},
	journal = {Global Change Biology}
}
@article{Elder_2018,
	doi = {10.1038/s41558-017-0066-9},
	url = {https://doi.org/10.1038%2Fs41558-017-0066-9},
	year = 2018,
	month = {jan},
	publisher = {Springer Science and Business Media {LLC}},
	volume = {8},
	number = {2},
	pages = {166--171},
	author = {Clayton D. Elder and Xiaomei Xu and Jennifer Walker and Jordan L. Schnell and Kenneth M. Hinkel and Amy Townsend-Small and Christopher D. Arp and John W. Pohlman and Benjamin V. Gaglioti and Claudia I. Czimczik},
	title = {Greenhouse gas emissions from diverse Arctic Alaskan lakes are dominated by young carbon},
	journal = {Nature Climate Change}
}
@article{Ellis_2004,
	doi = {10.1890/02-0614},
	url = {https://doi.org/10.1890%2F02-0614},
	year = 2004,
	month = {apr},
	publisher = {Wiley},
	volume = {85},
	number = {4},
	pages = {963--978},
	author = {Christopher James Ellis and Line Rochefort},
	title = {{CENTURY}-{SCALE} {DEVELOPMENT} {OF} {POLYGON}-{PATTERNED} {TUNDRA} {WETLAND}, {BYLOT} {ISLAND} (73{\textdegree} N, 80{\textdegree} W)},
	journal = {Ecology}
}
@article{ELLIS_2006,
	doi = {10.1111/j.1365-2745.2005.01085.x},
	url = {https://doi.org/10.1111%2Fj.1365-2745.2005.01085.x},
	year = 2006,
	month = {mar},
	publisher = {Wiley},
	volume = {94},
	number = {2},
	pages = {441--454},
	author = {CHRISTOPHER J. ELLIS and LINE ROCHEFORT},
	title = {Long-term sensitivity of a High Arctic wetland to Holocene climate change},
	journal = {Journal of Ecology}
}
@article{Elzein_1995,
	doi = {10.2136/sssaj1995.03615995005900050019x},
	url = {https://doi.org/10.2136%2Fsssaj1995.03615995005900050019x},
	year = 1995,
	month = {sep},
	publisher = {Wiley},
	volume = {59},
	number = {5},
	pages = {1328--1335},
	author = {Abbas Elzein and J{\'{e}}r{\^{o}}me Balesdent},
	title = {Mechanistic Simulation of Vertical Distribution of Carbon Concentrations and Residence Times in Soils},
	journal = {Soil Science Society of America Journal}
}
@article{Estop_Aragon_s_2018,
	doi = {10.1016/j.soilbio.2017.12.010},
	url = {https://doi.org/10.1016%2Fj.soilbio.2017.12.010},
	year = 2018,
	month = {mar},
	publisher = {Elsevier {BV}},
	volume = {118},
	pages = {115--129},
	author = {Cristian Estop-Aragon{\'{e}}s and Mark D.A. Cooper and James P. Fisher and Aaron Thierry and Mark H. Garnett and Dan J. Charman and Julian B. Murton and Gareth K. Phoenix and Rachael Treharne and Nicole K. Sanderson and Christopher R. Burn and Steve V. Kokelj and Stephen A. Wolfe and Antoni G. Lewkowicz and Mathew Williams and Iain P. Hartley},
	title = {Limited release of previously-frozen C and increased new peat formation after thaw in permafrost peatlands},
	journal = {Soil Biology and Biochemistry}
}
@article{Eusterhues_2003,
	doi = {10.1016/j.orggeochem.2003.08.007},
	url = {https://doi.org/10.1016%2Fj.orggeochem.2003.08.007},
	year = 2003,
	month = {dec},
	publisher = {Elsevier {BV}},
	volume = {34},
	number = {12},
	pages = {1591--1600},
	author = {Karin Eusterhues and Cornelia Rumpel and Markus Kleber and Ingrid Kögel-Knabner},
	title = {Stabilisation of soil organic matter by interactions with minerals as revealed by mineral dissolution and oxidative degradation},
	journal = {Organic Geochemistry}
}
@article{Ewing_2006,
	doi = {10.1029/2006jg000174},
	url = {https://doi.org/10.1029%2F2006jg000174},
	year = 2006,
	publisher = {American Geophysical Union ({AGU})},
	volume = {111},
	number = {G3},
	author = {Stephanie A. Ewing and Jonathan Sanderman and W. Troy Baisden and Yang Wang and Ronald Amundson},
	title = {Role of large-scale soil structure in organic carbon turnover: Evidence from California grassland soils},
	journal = {Journal of Geophysical Research}
}
@article{Favilli_2008,
	doi = {10.1016/j.geoderma.2008.04.002},
	url = {https://doi.org/10.1016%2Fj.geoderma.2008.04.002},
	year = 2008,
	month = {jun},
	publisher = {Elsevier {BV}},
	volume = {145},
	number = {3-4},
	pages = {355--369},
	author = {Filippo Favilli and Markus Egli and Paolo Cherubini and Giacomo Sartori and Wilfried Haeberli and Evelyne Delbos},
	title = {Comparison of different methods of obtaining a resilient organic matter fraction in Alpine soils},
	journal = {Geoderma}
}
@article{Fekete_2020,
	doi = {10.1007/s10533-020-00728-w},
	url = {https://doi.org/10.1007%2Fs10533-020-00728-w},
	year = 2020,
	month = {nov},
	publisher = {Springer Science and Business Media {LLC}},
	volume = {152},
	number = {1},
	pages = {13--32},
	author = {Istv{\'{a}}n Fekete and Imre Berki and Kate Lajtha and Susan Trumbore and Ornella Francioso and Paola Gioacchini and Daniela Montecchio and G{\'{a}}bor V{\'{a}}rb{\'{\i}}r{\'{o}} and {\'{A}}ron B{\'{e}}ni and Marianna Mak{\'{a}}di and Ibolya Demeter and Bal{\'{a}}zs Madar{\'{a}}sz and Katalin Juhos and Zsolt Kotrocz{\'{o}}},
	title = {How will a drier climate change carbon sequestration in soils of the deciduous forests of Central Europe?},
	journal = {Biogeochemistry}
}
@article{Fernandez_1993,
	doi = {10.4141/cjss93-034},
	url = {https://doi.org/10.4141%2Fcjss93-034},
	year = 1993,
	month = {aug},
	publisher = {Canadian Science Publishing},
	volume = {73},
	number = {3},
	pages = {317--328},
	author = {Ivan J. Fernandez and Lindsey E. Rustad and Gregory B. Lawrence},
	title = {Estimating total soil mass, nutrient content, and trace metals in soils under a low elevation spruce-fir forest},
	journal = {Canadian Journal of Soil Science}
}
@article{Fierer_2005,
	doi = {10.1007/s10021-003-0151-y},
	url = {https://doi.org/10.1007%2Fs10021-003-0151-y},
	year = 2005,
	month = {jun},
	publisher = {Springer Science and Business Media {LLC}},
	volume = {8},
	number = {4},
	pages = {412--429},
	author = {Noah Fierer and Oliver A. Chadwick and Susan E. Trumbore},
	title = {Production of {CO}2 in Soil Profiles of a California Annual Grassland},
	journal = {Ecosystems}
}
@article{Fillion_2014,
	doi = {10.1657/1938-4246-46.1.40},
	url = {https://doi.org/10.1657%2F1938-4246-46.1.40},
	year = 2014,
	month = {feb},
	publisher = {Informa {UK} Limited},
	volume = {46},
	number = {1},
	pages = {40--54},
	author = {Marie-{\`{E}}ve Fillion and Najat Bhiry and Mustapha Touazi},
	title = {Differential Development of Two Palsa Fields in a Peatland Located Near Whapmagoostui-Kuujjuarapik, Northern Qu{\'{e}}bec, Canada},
	journal = {Arctic, Antarctic, and Alpine Research}
}
@article{Finstad_2020,
	doi = {10.1029/2019gb006461},
	url = {https://doi.org/10.1029%2F2019gb006461},
	year = 2020,
	month = {sep},
	publisher = {American Geophysical Union ({AGU})},
	volume = {34},
	number = {9},
	author = {Kari Finstad and Oliver Straaten and Edzo Veldkamp and Karis McFarlane},
	title = {Soil Carbon Dynamics Following Land Use Changes and Conversion to Oil Palm Plantations in Tropical Lowlands Inferred From Radiocarbon},
	journal = {Global Biogeochemical Cycles}
}
@article{Fontaine_2007,
	doi = {10.1038/nature06275},
	url = {https://doi.org/10.1038%2Fnature06275},
	year = 2007,
	month = {nov},
	publisher = {Springer Science and Business Media {LLC}},
	volume = {450},
	number = {7167},
	pages = {277--280},
	author = {S{\'{e}}bastien Fontaine and S{\'{e}}bastien Barot and Pierre Barr{\'{e}} and Nadia Bdioui and Bruno Mary and Cornelia Rumpel},
	title = {Stability of organic carbon in deep soil layers controlled by fresh carbon supply},
	journal = {Nature}
}
@article{Gandois_2014,
	doi = {10.1016/j.gca.2014.03.012},
	url = {https://doi.org/10.1016%2Fj.gca.2014.03.012},
	year = 2014,
	month = {jul},
	publisher = {Elsevier {BV}},
	volume = {137},
	pages = {35--47},
	author = {L. Gandois and R. Teisserenc and A.R. Cobb and H.I. Chieng and L.B.L. Lim and A.S. Kamariah and A. Hoyt and C.F. Harvey},
	title = {Origin, composition, and transformation of dissolved organic matter in tropical peatlands},
	journal = {Geochimica et Cosmochimica Acta}
}
@article{Garneau_2007,
	doi = {10.7202/032915ar},
	url = {https://doi.org/10.7202%2F032915ar},
	year = 2007,
	month = {nov},
	publisher = {Consortium Erudit},
	volume = {46},
	number = {3},
	pages = {285--294},
	author = {Michelle Garneau},
	title = {Analyses macrofossiles d'un d{\'{e}}pot de tourbe dans la r{\'{e}}gion de Hot Weather Creek, p{\'{e}}ninsule de Fosheim, {\^{\i}}le d'Ellesmere, Territoires du Nord-Ouest},
	journal = {G{\'{e}}ographie physique et Quaternaire}
}
@article{Garneau_2014,
	doi = {10.1177/0959683614538076},
	url = {https://doi.org/10.1177%2F0959683614538076},
	year = 2014,
	month = {jun},
	publisher = {{SAGE} Publications},
	volume = {24},
	number = {9},
	pages = {1043--1053},
	author = {Michelle Garneau and Simon van Bellen and Gabriel Magnan and V{\'{e}}ronique Beaulieu-Audy and Alexandre Lamarre and Hans Asnong},
	title = {Holocene carbon dynamics of boreal and subarctic peatlands from Qu{\'{e}}bec, Canada},
	journal = {The Holocene}
}
@article{Gaudinski_2000,
	doi = {10.1023/a:1006301010014},
	url = {https://doi.org/10.1023%2Fa%3A1006301010014},
	year = 2000,
	publisher = {Springer Science and Business Media {LLC}},
	volume = {51},
	number = {1},
	pages = {33--69},
	author = {Julia B. Gaudinski and Susan E. Trumbore and Eric A. Davidson and Shuhui Zheng},
	journal = {Biogeochemistry}
}
@article{Gentsch_2018,
	doi = {10.1111/gcb.14316},
	url = {https://doi.org/10.1111%2Fgcb.14316},
	year = 2018,
	month = {jun},
	publisher = {Wiley},
	volume = {24},
	number = {8},
	pages = {3401--3415},
	author = {Norman Gentsch and Birgit Wild and Robert Mikutta and Petr {\v{C}}apek and Katka Di{\'{a}}kov{\'{a}} and Marion Schrumpf and Stephanie Turner and Cynthia Minnich and Frank Schaarschmidt and Olga Shibistova and Jörg Schnecker and Tim Urich and Antje Gittel and Hana {\v{S}}antr{\r{u}}{\v{c}}kov{\'{a}} and Ji{\v{r}}i B{\'{a}}rta and Nikolay Lashchinskiy and Roland Fu{\ss} and Andreas Richter and Georg Guggenberger},
	title = {Temperature response of permafrost soil carbon is attenuated by mineral protection},
	journal = {Global Change Biology}
}
@article{Giardina_2014,
	doi = {10.1038/nclimate2322},
	url = {https://doi.org/10.1038%2Fnclimate2322},
	year = 2014,
	month = {jul},
	publisher = {Springer Science and Business Media {LLC}},
	volume = {4},
	number = {9},
	pages = {822--827},
	author = {Christian P. Giardina and Creighton M. Litton and Susan E. Crow and Gregory P. Asner},
	title = {Warming-related increases in soil {CO}2 efflux are explained by increased below-ground carbon flux},
	journal = {Nature Climate Change}
}
@article{Gillson_2004,
	doi = {10.1016/j.ecocom.2004.06.001},
	url = {https://doi.org/10.1016%2Fj.ecocom.2004.06.001},
	year = 2004,
	month = {dec},
	publisher = {Elsevier {BV}},
	volume = {1},
	number = {4},
	pages = {281--298},
	author = {Lindsey Gillson},
	title = {Testing non-equilibrium theories in savannas: 1400 years of vegetation change in Tsavo National Park, Kenya},
	journal = {Ecological Complexity}
}
@article{GOH_1976,
	doi = {10.1111/j.1365-2389.1976.tb01979.x},
	url = {https://doi.org/10.1111%2Fj.1365-2389.1976.tb01979.x},
	year = 1976,
	month = {mar},
	publisher = {Wiley},
	volume = {27},
	number = {1},
	pages = {89--100},
	author = {K. M. GOH and T. A. RAFTER and J. D. STOUT and T. W. WALKER},
	title = {{THE} {ACCUMULATION} {OF} {SOIL} {ORGANIC} {MATTER} {AND} {ITS} {CARBON} {ISOTOPE} {CONTENT} {IN} A {CHRONOSEQUENCE} {OF} {SOILS} {DEVELOPED} {ON} {AEOLIAN} {SAND} {IN} {NEW} {ZEALAND}},
	journal = {Journal of Soil Science}
}
@article{GOH_1977,
	doi = {10.1097/00010694-197706000-00007},
	url = {https://doi.org/10.1097%2F00010694-197706000-00007},
	year = 1977,
	month = {jun},
	publisher = {Ovid Technologies (Wolters Kluwer Health)},
	volume = {123},
	number = {6},
	pages = {385--391},
	author = {K. M. GOH and J. D. STOUT and T. A. RAFTER},
	title = {{RADIOCARBON} {ENRICHMENT} {OF} {SOIL} {ORGANIC} {MATTER} {FRACTIONS} {IN} {NEW} {ZEALAND} {SOILS}},
	journal = {Soil Science}
}
@article{Gonz_lez_Dom_nguez_2019,
	doi = {10.1038/s41598-019-42629-5},
	url = {https://doi.org/10.1038%2Fs41598-019-42629-5},
	year = 2019,
	month = {apr},
	publisher = {Springer Science and Business Media {LLC}},
	volume = {9},
	number = {1},
	author = {B. Gonz{\'{a}}lez-Dom{\'{\i}}nguez and P. A. Niklaus and M. S. Studer and F. Hagedorn and L. Wacker and N. Haghipour and S. Zimmermann and L. Walthert and C. McIntyre and S. Abiven},
	title = {Temperature and moisture are minor drivers of regional-scale soil organic carbon dynamics},
	journal = {Scientific Reports}
}
@article{Guillet_1988,
	doi = {10.1016/0031-0182(88)90111-3},
	url = {https://doi.org/10.1016%2F0031-0182%2888%2990111-3},
	year = 1988,
	month = {may},
	publisher = {Elsevier {BV}},
	volume = {65},
	number = {1-2},
	pages = {51--58},
	author = {B. Guillet and P. Faivre and A. Mariotti and J. Khobzi},
	title = {The 14C dates and 13C/12C ratios of soil organic matter as a means of studying the past vegetation in intertropical regions: Examples from Colombia (South America)},
	journal = {Palaeogeography, Palaeoclimatology, Palaeoecology}
}
@article{GUILLET_2001,
	doi = {10.1017/s0266467401001614},
	url = {https://doi.org/10.1017%2Fs0266467401001614},
	year = 2001,
	month = {nov},
	publisher = {Cambridge University Press ({CUP})},
	volume = {17},
	number = {6},
	pages = {809--832},
	author = {BERNARD GUILLET and GASTON ACHOUNDONG and JOSEPH YOUTA HAPPI and V{\'{E}}RONIQUE KAMGANG KABEYENE BEYALA and JACQUES BONVALLOT and BERNARD RIERA and ANDR{\'{E}} MARIOTTI and DOMINIQUE SCHWARTZ},
	title = {Agreement between floristic and soil organic carbon isotope (13C/12C, 14C) indicators of forest invasion of savannas 
		during the last century in Cameroon},
	journal = {Journal of Tropical Ecology}
}
@article{Guo_2003,
	doi = {10.1016/s0043-1354(02)00443-8},
	url = {https://doi.org/10.1016%2Fs0043-1354%2802%2900443-8},
	year = 2003,
	month = {mar},
	publisher = {Elsevier {BV}},
	volume = {37},
	number = {5},
	pages = {1015--1022},
	author = {Laodong Guo and Jaime K. Lehner and Daniel M. White and D.Sarah Garland},
	title = {Heterogeneity of natural organic matter from the Chena River, Alaska},
	journal = {Water Research}
}
@article{Guo_2006,
	doi = {10.1029/2005gb002593},
	url = {https://doi.org/10.1029%2F2005gb002593},
	year = 2006,
	month = {may},
	publisher = {American Geophysical Union ({AGU})},
	volume = {20},
	number = {2},
	pages = {n/a--n/a},
	author = {Laodong Guo and Robie W. Macdonald},
	title = {Source and transport of terrigenous organic matter in the upper Yukon River: Evidence from isotope ($\updelta$13C, $\upDelta$14C, and $\updelta$15N) composition of dissolved, colloidal, and particulate phases},
	journal = {Global Biogeochemical Cycles}
}
@article{Guo_2007,
	doi = {10.1029/2007gl030689},
	url = {https://doi.org/10.1029%2F2007gl030689},
	year = 2007,
	month = {jul},
	publisher = {American Geophysical Union ({AGU})},
	volume = {34},
	number = {13},
	pages = {n/a--n/a},
	author = {Laodong Guo and Chien-Lu Ping and Robie W. Macdonald},
	title = {Mobilization pathways of organic carbon from permafrost to arctic rivers in a changing climate},
	journal = {Geophysical Research Letters}
}
@article{Hall_2015,
	doi = {10.5194/bgd-12-891-2015},
	url = {https://doi.org/10.5194%2Fbgd-12-891-2015},
	year = 2015,
	month = {jan},
	publisher = {Copernicus {GmbH}},
	author = {S. J. Hall and G. McNicol and T. Natake and W. L. Silver},
	title = {Large fluxes and rapid turnover of mineral-associated carbon across topographic gradients in a humid tropical forest: insights from paired {\&}lt$\mathsemicolon$sup{\&}gt$\mathsemicolon$14{\&}lt$\mathsemicolon$/sup{\&}gt$\mathsemicolon$C analysis}
}
@techreport{1987,
	doi = {10.3133/b1590a},
	url = {https://doi.org/10.3133%2Fb1590a},
	year = 1987,
	publisher = {{US} Geological Survey},
	title = {Soils developed in granitic alluvium near Merced, California}
}
@article{Harden_2002,
	doi = {10.1023/a:1020308729553},
	url = {https://doi.org/10.1023%2Fa%3A1020308729553},
	year = 2002,
	publisher = {Springer Science and Business Media {LLC}},
	volume = {60},
	number = {3},
	pages = {317--336},
	author = {J.W. Harden and T.L. Fries and M.J. Pavich},
	journal = {Biogeochemistry}
}
@article{Hardie_2009,
	doi = {10.1016/j.geoderma.2009.09.002},
	url = {https://doi.org/10.1016%2Fj.geoderma.2009.09.002},
	year = 2009,
	month = {nov},
	publisher = {Elsevier {BV}},
	volume = {153},
	number = {3-4},
	pages = {393--401},
	author = {S.M.L. Hardie and M.H. Garnett and A.E. Fallick and N.J. Ostle and A.P. Rowland},
	title = {Bomb-14C analysis of ecosystem respiration reveals that peatland vegetation facilitates release of old carbon},
	journal = {Geoderma}
}
@article{Hardie_2011,
	doi = {10.1016/j.soilbio.2011.08.010},
	url = {https://doi.org/10.1016%2Fj.soilbio.2011.08.010},
	year = 2011,
	month = {dec},
	publisher = {Elsevier {BV}},
	volume = {43},
	number = {12},
	pages = {2432--2440},
	author = {S.M.L. Hardie and M.H. Garnett and A.E. Fallick and A.P. Rowland and N.J. Ostle and T.H. Flowers},
	title = {Abiotic drivers and their interactive effect on the flux and carbon isotope (14C and $\updelta$13C) composition of peat-respired {CO}2},
	journal = {Soil Biology and Biochemistry}
}
@article{Harkness_1986,
	doi = {10.1017/s0033822200007426},
	url = {https://doi.org/10.1017%2Fs0033822200007426},
	year = 1986,
	publisher = {Cambridge University Press ({CUP})},
	volume = {28},
	number = {2A},
	pages = {328--337},
	author = {D D Harkness and A F Harrison and P J Bacon},
	title = {The Temporal Distribution of `Bomb' 14C in a Forest Soil},
	journal = {Radiocarbon}
}
@article{Harris_1994,
	doi = {10.1007/bf00677986},
	url = {https://doi.org/10.1007%2Fbf00677986},
	year = 1994,
	publisher = {Springer Science and Business Media {LLC}},
	volume = {12},
	number = {1},
	pages = {3--17},
	author = {S. A. Harris and I. H. Schmidt},
	title = {Permafrost aggradation and peat accumulation since 1200 years B.P. in peat plateaus at Tuchitua, Yukon Territory (Canada)},
	journal = {Journal of Paleolimnology}
}
@article{Hatton_2012,
	doi = {10.1016/j.orggeochem.2011.05.002},
	url = {https://doi.org/10.1016%2Fj.orggeochem.2011.05.002},
	year = 2012,
	month = {jan},
	publisher = {Elsevier {BV}},
	volume = {42},
	number = {12},
	pages = {1489--1501},
	author = {Pierre-Joseph Hatton and Markus Kleber and Bernd Zeller and Christophe Moni and Alain F. Plante and Kimberly Townsend and Louisette Gelhaye and Kate Lajtha and Delphine Derrien},
	title = {Transfer of litter-derived N to soil mineral{\textendash}organic associations: Evidence from decadal 15N tracer experiments},
	journal = {Organic Geochemistry}
}
@article{https://doi.org/10.5281/zenodo.1486081,
  doi = {10.5281/ZENODO.1486081},
  url = {https://zenodo.org/record/1486081},
  author = {Heckman, Katherine Ann},
  title = {Pedogenesis &amp; Carbon Dynamics Across A Lithosequence Under Ponderosa Pine},
  publisher = {Zenodo},
  year = {2010},
  copyright = {Creative Commons Attribution 4.0}
}
@article{Heckman_2018,
	doi = {10.1016/j.geoderma.2017.09.043},
	url = {https://doi.org/10.1016%2Fj.geoderma.2017.09.043},
	year = 2018,
	month = {feb},
	publisher = {Elsevier {BV}},
	volume = {312},
	pages = {24--35},
	author = {Katherine Heckman and Corey R. Lawrence and Jennifer W. Harden},
	title = {A sequential selective dissolution method to quantify storage and stability of organic carbon associated with Al and Fe hydroxide phases},
	journal = {Geoderma}
}
@article{Hicks_Pries_2011,
	doi = {10.1007/s10021-011-9500-4},
	url = {https://doi.org/10.1007%2Fs10021-011-9500-4},
	year = 2011,
	month = {nov},
	publisher = {Springer Science and Business Media {LLC}},
	volume = {15},
	number = {1},
	pages = {162--173},
	author = {Caitlin E. Hicks Pries and Edward A. G. Schuur and K. Grace Crummer},
	title = {Holocene Carbon Stocks and Carbon Accumulation Rates Altered in Soils Undergoing Permafrost Thaw},
	journal = {Ecosystems}
}
@article{Hicks_Pries_2012,
	doi = {10.1111/gcb.12058},
	url = {https://doi.org/10.1111%2Fgcb.12058},
	year = 2012,
	month = {nov},
	publisher = {Wiley},
	volume = {19},
	number = {2},
	pages = {649--661},
	author = {Caitlin E. Hicks Pries and Edward A. G. Schuur and Kathryn G. Crummer},
	title = {Thawing permafrost increases old soil and autotrophic respiration in tundra: Partitioning ecosystem respiration using $\updelta$13C and ∆14C},
	journal = {Global Change Biology}
}
@article{Hicks_Pries_2015,
	doi = {10.1111/gcb.13032},
	url = {https://doi.org/10.1111%2Fgcb.13032},
	year = 2015,
	month = {sep},
	publisher = {Wiley},
	volume = {21},
	number = {12},
	pages = {4508--4519},
	author = {Caitlin E. Hicks Pries and Richard S. P. Logtestijn and Edward A. G. Schuur and Susan M. Natali and Johannes H. C. Cornelissen and Rien Aerts and Ellen Dorrepaal},
	title = {Decadal warming causes a consistent and persistent shift from heterotrophic to autotrophic respiration in contrasting permafrost ecosystems},
	journal = {Global Change Biology}
}
@article{Hicks_Pries_2015,
	doi = {10.1038/nclimate2830},
	url = {https://doi.org/10.1038%2Fnclimate2830},
	year = 2015,
	month = {oct},
	publisher = {Springer Science and Business Media {LLC}},
	volume = {6},
	number = {2},
	pages = {214--218},
	author = {Caitlin~E. Hicks Pries and Edward A.~G. Schuur and Susan~M. Natali and K.~Grace Crummer},
	title = {Old soil carbon losses increase with ecosystem respiration in experimentally thawed~tundra},
	journal = {Nature Climate Change}
}
@article{Hicks_Pries_2017,
	doi = {10.1126/science.aal1319},
	url = {https://doi.org/10.1126%2Fscience.aal1319},
	year = 2017,
	month = {mar},
	publisher = {American Association for the Advancement of Science ({AAAS})},
	volume = {355},
	number = {6332},
	pages = {1420--1423},
	author = {Caitlin E. Hicks Pries and C. Castanha and R. C. Porras and M. S. Torn},
	title = {The whole-soil carbon flux in response to warming},
	journal = {Science}
}
@article{Hicks_Pries_2017,
	doi = {10.1007/s10533-017-0345-6},
	url = {https://doi.org/10.1007%2Fs10533-017-0345-6},
	year = 2017,
	month = {may},
	publisher = {Springer Science and Business Media {LLC}},
	volume = {134},
	number = {1-2},
	pages = {5--16},
	author = {Caitlin E. Hicks Pries and Jeffrey A. Bird and Cristina Castanha and Pierre-Joseph Hatton and Margaret S. Torn},
	title = {Long term decomposition: the influence of litter type and soil horizon on retention of plant carbon and nitrogen in soils},
	journal = {Biogeochemistry}
}
@article{Hilton_2015,
	doi = {10.1038/nature14653},
	url = {https://doi.org/10.1038%2Fnature14653},
	year = 2015,
	month = {aug},
	publisher = {Springer Science and Business Media {LLC}},
	volume = {524},
	number = {7563},
	pages = {84--87},
	author = {Robert G. Hilton and Valier Galy and J{\'{e}}r{\^{o}}me Gaillardet and Mathieu Dellinger and Charlotte Bryant and Matt O{\textquotesingle}Regan and Darren R. Gröcke and Helen Coxall and Julien Bouchez and Damien Calmels},
	title = {Erosion of organic carbon in the Arctic as a geological carbon dioxide sink},
	journal = {Nature}
}
@misc{https://doi.org/10.5281/zenodo.3370057,
  doi = {10.5281/ZENODO.3370057},
  url = {https://zenodo.org/record/3370057},
  author = {Holden, Sandra R. and Czimczik, Claudia I. and Xu, Xiaomei and Treseder, Kathleen K.},
  title = {Soil radiocarbon data from a fire chronosequence near Delta Junction, Alaska},
  publisher = {Zenodo},
  year = {2019},
  copyright = {Creative Commons Attribution 4.0 International}
}
@article{Holmquist_2014,
	doi = {10.1657/1938-4246-46.1.19},
	url = {https://doi.org/10.1657%2F1938-4246-46.1.19},
	year = 2014,
	month = {feb},
	publisher = {Informa {UK} Limited},
	volume = {46},
	number = {1},
	pages = {19--39},
	author = {James R. Holmquist and Glen M. MacDonald and Angela Gallego-Sala},
	title = {Peatland Initiation, Carbon Accumulation, and 2 ka Depth in the James Bay Lowland and Adjacent Regions},
	journal = {Arctic, Antarctic, and Alpine Research}
}
@article{Hood_2009,
	doi = {10.1038/nature08580},
	url = {https://doi.org/10.1038%2Fnature08580},
	year = 2009,
	month = {dec},
	publisher = {Springer Science and Business Media {LLC}},
	volume = {462},
	number = {7276},
	pages = {1044--1047},
	author = {Eran Hood and Jason Fellman and Robert G. M. Spencer and Peter J. Hernes and Rick Edwards and David D'Amore and Durelle Scott},
	title = {Glaciers as a source of ancient and labile organic matter to the marine environment},
	journal = {Nature}
}
@article{Hope_2005,
	doi = {10.1016/j.yqres.2005.08.009},
	url = {https://doi.org/10.1016%2Fj.yqres.2005.08.009},
	year = 2005,
	month = {nov},
	publisher = {Cambridge University Press ({CUP})},
	volume = {64},
	number = {3},
	pages = {407--417},
	author = {Geoffrey Hope and Unna Chokkalingam and Syaiful Anwar},
	title = {The Stratigraphy and Fire History of the Kutai Peatlands, Kalimantan, Indonesia},
	journal = {Quaternary Research}
}
@article{Horwath_2008,
	doi = {10.1029/2007jg000511},
	url = {https://doi.org/10.1029%2F2007jg000511},
	year = 2008,
	month = {jun},
	publisher = {American Geophysical Union ({AGU})},
	volume = {113},
	number = {G3},
	author = {Jennifer L. Horwath and Ronald S. Sletten and Birgit Hagedorn and Bernard Hallet},
	title = {Spatial and temporal distribution of soil organic carbon in nonsorted striped patterned ground of the High Arctic},
	journal = {Journal of Geophysical Research}
}
@article{Hribljan_2016,
	doi = {10.1007/s11273-016-9482-2},
	url = {https://doi.org/10.1007%2Fs11273-016-9482-2},
	year = 2016,
	month = {feb},
	publisher = {Springer Science and Business Media {LLC}},
	volume = {24},
	number = {2},
	pages = {113--127},
	author = {John A. Hribljan and Esteban Su{\'{a}}rez and Katherine A. Heckman and Erik A. Lilleskov and Rodney A. Chimner},
	title = {Peatland carbon stocks and accumulation rates in the Ecuadorian p{\'{a}}ramo},
	journal = {Wetlands Ecology and Management}
}
@article{Hsieh_1996,
	doi = {10.2136/sssaj1996.03615995006000040022x},
	url = {https://doi.org/10.2136%2Fsssaj1996.03615995006000040022x},
	year = 1996,
	month = {jul},
	publisher = {Wiley},
	volume = {60},
	number = {4},
	pages = {1117--1121},
	author = {Yuch-Ping Hsieh},
	title = {Soil Organic Carbon Pools of Two Tropical Soils Inferred by Carbon Signatures},
	journal = {Soil Science Society of America Journal}
}
@article{Huang_1996,
	doi = {10.1016/0146-6380(96)00039-3},
	url = {https://doi.org/10.1016%2F0146-6380%2896%2900039-3},
	year = 1996,
	month = {mar},
	publisher = {Elsevier {BV}},
	volume = {24},
	number = {3},
	pages = {273--287},
	author = {Yongsong Huang and Roland Bol and Douglas D. Harkness and Philip Ineson and Geoffrey Eglinton},
	title = {Post-glacial variations in distributions, 13C and 14C contents of aliphatic hydrocarbons and bulk organic matter in three types of British acid upland soils},
	journal = {Organic Geochemistry}
}
@article{Huang_1999,
	doi = {10.2136/sssaj1999.6351181x},
	url = {https://doi.org/10.2136%2Fsssaj1999.6351181x},
	year = 1999,
	month = {sep},
	publisher = {Wiley},
	volume = {63},
	number = {5},
	pages = {1181--1187},
	author = {Yongsong Huang and Baocai Li and Charlotte Bryant and Roland Bol and Geoffrey Eglinton},
	title = {Radiocarbon Dating of Aliphatic Hydrocarbons A New Approach for Dating Passive-Fraction Carbon in Soil Horizons},
	journal = {Soil Science Society of America Journal}
}
@article{Hugelius_2012,
	doi = {10.1029/2011jg001873},
	url = {https://doi.org/10.1029%2F2011jg001873},
	year = 2012,
	month = {jun},
	publisher = {American Geophysical Union ({AGU})},
	volume = {117},
	number = {G2},
	pages = {n/a--n/a},
	author = {Gustaf Hugelius and Joyanto Routh and Peter Kuhry and Patrick Crill},
	title = {Mapping the degree of decomposition and thaw remobilization potential of soil organic matter in discontinuous permafrost terrain},
	journal = {Journal of Geophysical Research: Biogeosciences}
}
@article{Hunt_2013,
	doi = {10.1016/j.quascirev.2012.11.019},
	url = {https://doi.org/10.1016%2Fj.quascirev.2012.11.019},
	year = 2013,
	month = {mar},
	publisher = {Elsevier {BV}},
	volume = {63},
	pages = {42--58},
	author = {Stephanie Hunt and Zicheng Yu and Miriam Jones},
	title = {Lateglacial and Holocene climate, disturbance and permafrost peatland dynamics on the Seward Peninsula, western Alaska},
	journal = {Quaternary Science Reviews}
}
@article{James_2019,
	doi = {10.1016/j.geoderma.2019.03.019},
	url = {https://doi.org/10.1016%2Fj.geoderma.2019.03.019},
	year = 2019,
	month = {jul},
	publisher = {Elsevier {BV}},
	volume = {345},
	pages = {38--50},
	author = {Jason N. James and Cole D. Gross and Pranjal Dwivedi and Tyler Myers and Fernanda Santos and Rodolpho Bernardi and Marianne Fidalgo de Faria and Ira{\^{e}} Amaral Guerrini and Rob Harrison and David Butman},
	title = {Land use change alters the radiocarbon age and composition of soil and water-soluble organic matter in the Brazilian Cerrado},
	journal = {Geoderma}
}
@article{JANKOVSK__2006,
	doi = {10.1111/j.1502-3885.2006.tb01171.x},
	url = {https://doi.org/10.1111%2Fj.1502-3885.2006.tb01171.x},
	year = 2006,
	month = {nov},
	publisher = {Wiley},
	volume = {35},
	number = {4},
	pages = {650--661},
	author = {VLASTA JANKOVSK{\'{A}} and ANDREI A. ANDREEV and NATA K. PANOVA},
	title = {Holocene environmental history on the eastern slope of the Polar Ural Mountains, Russia},
	journal = {Boreas}
}
@article{Jasinski_1998,
	doi = {10.1139/e98-015},
	url = {https://doi.org/10.1139%2Fe98-015},
	year = 1998,
	month = {jun},
	publisher = {Canadian Science Publishing},
	volume = {35},
	number = {6},
	pages = {637--648},
	author = {JPP Jasinski and B G Warner and A A Andreev and R Aravena and S E Gilbert and B A Zeeb and J P Smol and A A Velichko},
	title = {Holocene environmental history of a peatland in the Lena River valley, Siberia},
	journal = {Canadian Journal of Earth Sciences}
}
@article{Johnston_2014,
	doi = {10.1088/1748-9326/9/8/085004},
	url = {https://doi.org/10.1088%2F1748-9326%2F9%2F8%2F085004},
	year = 2014,
	month = {aug},
	publisher = {{IOP} Publishing},
	volume = {9},
	number = {8},
	pages = {085004},
	author = {Carmel E Johnston and Stephanie A Ewing and Jennifer W Harden and Ruth K Varner and Kimberly P Wickland and Joshua C Koch and Christopher C Fuller and Kristen Manies and M Torre Jorgenson},
	title = {Effect of permafrost thaw on {CO}
		                    2
		                    and {CH}
		                    4
		                    exchange in a western Alaska peatland chronosequence},
	journal = {Environmental Research Letters}
}
@article{Jones_2009,
	doi = {10.1016/j.yqres.2009.04.002},
	url = {https://doi.org/10.1016%2Fj.yqres.2009.04.002},
	year = 2009,
	month = {sep},
	publisher = {Cambridge University Press ({CUP})},
	volume = {72},
	number = {2},
	pages = {207--217},
	author = {Miriam C. Jones and Dorothy M. Peteet and Dorothy Kurdyla and Thomas Guilderson},
	title = {Climate and vegetation history from a 14,000-year peatland record, Kenai Peninsula, Alaska},
	journal = {Quaternary Research}
}
@article{Jones_2012,
	doi = {10.1029/2011jg001766},
	url = {https://doi.org/10.1029%2F2011jg001766},
	year = 2012,
	month = {apr},
	publisher = {American Geophysical Union ({AGU})},
	volume = {117},
	number = {G2},
	pages = {n/a--n/a},
	author = {Miriam C. Jones and Guido Grosse and Benjamin M. Jones and Katey Walter Anthony},
	title = {Peat accumulation in drained thermokarst lake basins in continuous, ice-rich permafrost, northern Seward Peninsula, Alaska},
	journal = {Journal of Geophysical Research: Biogeosciences}
}
@article{Jones_2012,
	doi = {10.1007/s10021-012-9592-5},
	url = {https://doi.org/10.1007%2Fs10021-012-9592-5},
	year = 2012,
	month = {sep},
	publisher = {Springer Science and Business Media {LLC}},
	volume = {16},
	number = {1},
	pages = {1--19},
	author = {Miriam C. Jones and Robert K. Booth and Zicheng Yu and Paul Ferry},
	title = {A 2200-Year Record of Permafrost Dynamics and Carbon Cycling in a Collapse-Scar Bog, Interior Alaska},
	journal = {Ecosystems}
}
@article{Jones_2014,
	doi = {10.1016/j.quascirev.2013.12.025},
	url = {https://doi.org/10.1016%2Fj.quascirev.2013.12.025},
	year = 2014,
	month = {mar},
	publisher = {Elsevier {BV}},
	volume = {87},
	pages = {1--11},
	author = {Miriam C. Jones and Matthew Wooller and Dorothy M. Peteet},
	title = {A deglacial and Holocene record of climate variability in south-central Alaska from stable oxygen isotopes and plant macrofossils in peat},
	journal = {Quaternary Science Reviews}
}
@article{Kaiser_2007,
	doi = {10.1029/2006jg000258},
	url = {https://doi.org/10.1029%2F2006jg000258},
	year = 2007,
	month = {may},
	publisher = {American Geophysical Union ({AGU})},
	volume = {112},
	number = {G2},
	author = {Christina Kaiser and Hildegard Meyer and Christina Biasi and Olga Rusalimova and Pavel Barsukov and Andreas Richter},
	title = {Conservation of soil organic matter through cryoturbation in arctic soils in Siberia},
	journal = {Journal of Geophysical Research}
}
@article{Karhu_2010,
	doi = {10.1890/09-0478.1},
	url = {https://doi.org/10.1890%2F09-0478.1},
	year = 2010,
	month = {feb},
	publisher = {Wiley},
	volume = {91},
	number = {2},
	pages = {370--376},
	author = {Kristiina Karhu and Hannu Fritze and Kai Hämäläinen and Pekka Vanhala and Högne Jungner and Markku Oinonen and Eloni Sonninen and Mikko Tuomi and Peter Spetz and Veikko Kitunen and Jari Liski},
	title = {Temperature sensitivity of soil carbon fractions in boreal forest soil},
	journal = {Ecology}
}
@article{Katsuno_2010,
	doi = {10.1016/j.nimb.2009.10.110},
	url = {https://doi.org/10.1016%2Fj.nimb.2009.10.110},
	year = 2010,
	month = {apr},
	publisher = {Elsevier {BV}},
	volume = {268},
	number = {7-8},
	pages = {1106--1109},
	author = {Kazumi Katsuno and Yosuke Miyairi and Kenji Tamura and Hiroyuki Matsuzaki and Kenji Fukuda},
	title = {A study of the carbon dynamics of Japanese grassland and forest using 14C and 13C},
	journal = {Nuclear Instruments and Methods in Physics Research Section B: Beam Interactions with Materials and Atoms}
}
@article{Kelly_2017,
	doi = {10.1016/j.palaeo.2016.11.039},
	url = {https://doi.org/10.1016%2Fj.palaeo.2016.11.039},
	year = 2017,
	month = {feb},
	publisher = {Elsevier {BV}},
	volume = {468},
	pages = {129--141},
	author = {Thomas J. Kelly and Ian T. Lawson and Katherine H. Roucoux and Timothy R. Baker and Timothy D. Jones and Nicole K. Sanderson},
	title = {The vegetation history of an Amazonian domed peatland},
	journal = {Palaeogeography, Palaeoclimatology, Palaeoecology}
}
@article{Swindles_2018,
	doi = {10.1016/j.ejop.2018.03.002},
	url = {https://doi.org/10.1016%2Fj.ejop.2018.03.002},
	year = 2018,
	month = {jun},
	publisher = {Elsevier {BV}},
	volume = {64},
	pages = {13--19},
	author = {Graeme T. Swindles and Thomas J. Kelly and Katherine H. Roucoux and Ian T. Lawson},
	title = {Response of testate amoebae to a late Holocene ecosystem shift in an Amazonian peatland},
	journal = {European Journal of Protistology}
}
@article{Kelly_2018,
	doi = {10.1002/jqs.3019},
	url = {https://doi.org/10.1002%2Fjqs.3019},
	year = 2018,
	month = {mar},
	publisher = {Wiley},
	volume = {33},
	number = {4},
	pages = {369--379},
	author = {Thomas J. Kelly and Ian T. Lawson and Katherine H. Roucoux and Timothy R. Baker and Euridice N. Honorio-Coronado and Timothy D. Jones and Santiago Rivas Panduro},
	title = {Continuous human presence without extensive reductions in forest cover over the past 2500 years in an aseasonal Amazonian rainforest},
	journal = {Journal of Quaternary Science}
}
@article{Kelly_2020,
	doi = {10.1016/j.quascirev.2020.106168},
	url = {https://doi.org/10.1016%2Fj.quascirev.2020.106168},
	year = 2020,
	month = {feb},
	publisher = {Elsevier {BV}},
	volume = {230},
	pages = {106168},
	author = {Thomas J. Kelly and Ian T. Lawson and Katherine H. Roucoux and Timothy R. Baker and Euridice N. Honorio Coronado},
	title = {Patterns and drivers of development in a west Amazonian peatland during the late Holocene},
	journal = {Quaternary Science Reviews}
}
@techreport{Kettles_2000,
	doi = {10.4095/211326},
	url = {https://doi.org/10.4095%2F211326},
	year = 2000,
	publisher = {Natural Resources Canada/{CMSS}/Information Management},
	author = {I M Kettles and M Garneau and H Jett{\'{e}}},
	title = {Macrofossil, pollen, and geochemical records of peatlands in the Knosheo Lake and Detour Lake areas, northern Ontario}
}
@techreport{Kettles_2003,
	doi = {10.4095/214221},
	url = {https://doi.org/10.4095%2F214221},
	year = 2003,
	publisher = {Natural Resources Canada/{CMSS}/Information Management},
	author = {I M Kettles and S D Robinson and D -F Bastien and M Garneau and G E
		M Hall},
	title = {Physical, geochemical, macrofossil, and ground penetrating radar information on fourteen permafrost-affected peatlands in the Mackenzie Valley, Northwest Territories}
}
@article{Khomo_2017,
	doi = {10.5194/soil-3-17-2017},
	url = {https://doi.org/10.5194%2Fsoil-3-17-2017},
	year = 2017,
	month = {jan},
	publisher = {Copernicus {GmbH}},
	volume = {3},
	number = {1},
	pages = {17--30},
	author = {Lesego Khomo and Susan Trumbore and Carleton R. Bern and Oliver A. Chadwick},
	title = {Timescales of carbon turnover in soils with mixed crystalline mineralogies},
	journal = {{SOIL}}
}
@article{Klapstein_2014,
	doi = {10.1002/2013jg002441},
	url = {https://doi.org/10.1002%2F2013jg002441},
	year = 2014,
	month = {mar},
	publisher = {American Geophysical Union ({AGU})},
	volume = {119},
	number = {3},
	pages = {418--431},
	author = {Sara J. Klapstein and Merritt R. Turetsky and A. David McGuire and Jennifer W. Harden and Claudia I. Czimczik and Xiaomei Xu and Jeffrey P. Chanton and James M. Waddington},
	title = {Controls on methane released through ebullition in peatlands affected by permafrost degradation},
	journal = {Journal of Geophysical Research: Biogeosciences}
}
@article{Kleber_2005,
	doi = {10.1111/j.1365-2389.2005.00706.x},
	url = {https://doi.org/10.1111%2Fj.1365-2389.2005.00706.x},
	year = 2005,
	month = {feb},
	publisher = {Wiley},
	volume = {0},
	number = {0},
	pages = {050912034650054},
	author = {M. Kleber and R. Mikutta and M. S. Torn and R. Jahn},
	title = {Poorly crystalline mineral phases protect organic matter in acid subsoil horizons},
	journal = {European Journal of Soil Science}
}
@article{KLEBER_2011,
	doi = {10.1111/j.1365-2486.2010.02278.x},
	url = {https://doi.org/10.1111%2Fj.1365-2486.2010.02278.x},
	year = 2011,
	month = {jan},
	publisher = {Wiley},
	volume = {17},
	number = {2},
	pages = {1097--1107},
	author = {MARKUS KLEBER and PETER S. NICO and ALAIN PLANTE and TIMOTHY FILLEY and MARC KRAMER and CHRISTOPHER SWANSTON and PHILLIP SOLLINS},
	title = {Old and stable soil organic matter is not necessarily chemically recalcitrant: implications for modeling concepts and temperature sensitivity},
	journal = {Global Change Biology}
}
@article{Klein_2013,
	doi = {10.1016/j.palaeo.2013.09.009},
	url = {https://doi.org/10.1016%2Fj.palaeo.2013.09.009},
	year = 2013,
	month = {dec},
	publisher = {Elsevier {BV}},
	volume = {392},
	pages = {186--195},
	author = {Eric S. Klein and Zicheng Yu and Robert K. Booth},
	title = {Recent increase in peatland carbon accumulation in a thermokarst lake basin in southwestern Alaska},
	journal = {Palaeogeography, Palaeoclimatology, Palaeoecology}
}
@article{Koarashi_2005,
	doi = {10.1016/j.jenvrad.2004.06.002},
	url = {https://doi.org/10.1016%2Fj.jenvrad.2004.06.002},
	year = 2005,
	month = {jan},
	publisher = {Elsevier {BV}},
	volume = {79},
	number = {2},
	pages = {137--156},
	author = {Jun Koarashi and Takao Iida and Tomohiro Asano},
	title = {Radiocarbon and stable carbon isotope compositions of chemically fractionated soil organic matter in a temperate-zone forest},
	journal = {Journal of Environmental Radioactivity}
}
@article{KOARASHI_2009,
	doi = {10.1111/j.1365-2486.2008.01745.x},
	url = {https://doi.org/10.1111%2Fj.1365-2486.2008.01745.x},
	year = 2009,
	month = {mar},
	publisher = {Wiley},
	volume = {15},
	number = {3},
	pages = {631--642},
	author = {JUN KOARASHI and MARIKO ATARASHI-ANDOH and SHIGEHIRO ISHIZUKA and SATORU MIURA and TAKESHI SAITO and KEIZO HIRAI},
	title = {Quantitative aspects of heterogeneity in soil organic matter dynamics in a cool-temperate Japanese beech forest: a radiocarbon-based approach},
	journal = {Global Change Biology}
}
@article{K_gel_Knabner_2008,
	doi = {10.1002/jpln.200700048},
	url = {https://doi.org/10.1002%2Fjpln.200700048},
	year = 2008,
	month = {jan},
	publisher = {Wiley},
	volume = {171},
	number = {1},
	pages = {61--82},
	author = {Ingrid Kögel-Knabner and Georg Guggenberger and Markus Kleber and Ellen Kandeler and Karsten Kalbitz and Stefan Scheu and Karin Eusterhues and Peter Leinweber},
	title = {Organo-mineral associations in temperate soils: Integrating biology, mineralogy, and organic matter chemistry},
	journal = {Journal of Plant Nutrition and Soil Science}
}
@article{Kokfelt_2010,
	doi = {10.1007/s10933-010-9406-8},
	url = {https://doi.org/10.1007%2Fs10933-010-9406-8},
	year = 2010,
	month = {feb},
	publisher = {Springer Science and Business Media {LLC}},
	volume = {44},
	number = {1},
	pages = {327--342},
	author = {Ulla Kokfelt and Nina Reuss and Eric Struyf and Mats Sonesson and Mats Rundgren and Göran Skog and Peter Ros{\'{e}}n and Dan Hammarlund},
	title = {Wetland development, permafrost history and nutrient cycling inferred from late Holocene peat and lake sediment records in subarctic Sweden},
	journal = {Journal of Paleolimnology}
}
@article{Kondo_2010,
	doi = {10.1016/j.nimb.2009.10.101},
	url = {https://doi.org/10.1016%2Fj.nimb.2009.10.101},
	year = 2010,
	month = {apr},
	publisher = {Elsevier {BV}},
	volume = {268},
	number = {7-8},
	pages = {1073--1076},
	author = {Miyuki Kondo and Masao Uchida and Yasuyuki Shibata},
	title = {Radiocarbon-based residence time estimates of soil organic carbon in a temperate forest: Case study for the density fractionation for Japanese volcanic ash soil},
	journal = {Nuclear Instruments and Methods in Physics Research Section B: Beam Interactions with Materials and Atoms}
}
@article{Kovda_2001,
	doi = {10.1017/s0033822200041254},
	url = {https://doi.org/10.1017%2Fs0033822200041254},
	year = 2001,
	publisher = {Cambridge University Press ({CUP})},
	volume = {43},
	number = {2B},
	pages = {603--610},
	author = {Irina Kovda and Warren Lynn and Dewayne Williams and Olga Chichagova},
	title = {Radiocarbon Age of Vertisols and Its Interpretation Using Data on Gilgai Complex in the North Caucasus},
	journal = {Radiocarbon}
}
@article{Kramer_2012,
	doi = {10.1111/j.1365-2486.2012.02681.x},
	url = {https://doi.org/10.1111%2Fj.1365-2486.2012.02681.x},
	year = 2012,
	month = {may},
	publisher = {Wiley},
	volume = {18},
	number = {8},
	pages = {2594--2605},
	author = {Marc G. Kramer and Jonathan Sanderman and Oliver A. Chadwick and Jon Chorover and Peter M. Vitousek},
	title = {Long-term carbon storage through retention of dissolved aromatic acids by reactive particles in soil},
	journal = {Global Change Biology}
}
@article{Kramer_2016,
	doi = {10.1002/ecy.1467},
	url = {https://doi.org/10.1002%2Fecy.1467},
	year = 2016,
	month = {sep},
	publisher = {Wiley},
	volume = {97},
	number = {9},
	pages = {2384--2395},
	author = {Marc G. Kramer and Oliver A. Chadwick},
	title = {Controls on carbon storage and weathering in volcanic soils across a high-elevation climate gradient on Mauna Kea, Hawaii},
	journal = {Ecology}
}
@article{KREMENETSKI_2008,
	doi = {10.1111/j.1502-3885.1997.tb00656.x},
	url = {https://doi.org/10.1111%2Fj.1502-3885.1997.tb00656.x},
	year = 2008,
	month = {jan},
	publisher = {Wiley},
	volume = {26},
	number = {2},
	pages = {91--102},
	author = {CONSTANTIN KREMENETSKI and TATIANA VASCHALOVA and SERGEI GORIACHKIN and ALEXANDR CHERKINSKY and LEOPOLD SULERZHITSKY},
	title = {Holocene pollen stratigraphy and bog development in the western part of the Kola Peninsula, Russia},
	journal = {Boreas}
}
@article{Krull_2003,
	doi = {10.1016/s0016-7061(02)00291-4},
	url = {https://doi.org/10.1016%2Fs0016-7061%2802%2900291-4},
	year = 2003,
	month = {mar},
	publisher = {Elsevier {BV}},
	volume = {112},
	number = {1-2},
	pages = {1--29},
	author = {Evelyn S Krull and Jan O Skjemstad},
	title = {$\updelta$13C and $\updelta$15N profiles in 14C-dated Oxisol and Vertisols as a function of soil chemistry and mineralogy},
	journal = {Geoderma}
}
@article{Krull_2005,
	doi = {10.1016/j.geoderma.2004.09.012},
	url = {https://doi.org/10.1016%2Fj.geoderma.2004.09.012},
	year = 2005,
	month = {jun},
	publisher = {Elsevier {BV}},
	volume = {126},
	number = {3-4},
	pages = {241--259},
	author = {Evelyn S. Krull and Jan O. Skjemstad and William H. Burrows and Steven G. Bray and Jonathan G. Wynn and Roland Bol and Leonie Spouncer and Ben Harms},
	title = {Recent vegetation changes in central Queensland, Australia: Evidence from $\updelta$13C and 14C analyses of soil organic matter},
	journal = {Geoderma}
}
@article{Krull_2006,
	doi = {10.1016/j.geoderma.2005.06.001},
	url = {https://doi.org/10.1016%2Fj.geoderma.2005.06.001},
	year = 2006,
	month = {jun},
	publisher = {Elsevier {BV}},
	volume = {132},
	number = {3-4},
	pages = {344--360},
	author = {Evelyn S. Krull and Erick A. Bestland and Jan O. Skjemstad and Jeff F. Parr},
	title = {Geochemistry ($\updelta$13C, $\updelta$15N, 13C {NMR}) and residence times (14C and {OSL}) of soil organic matter from red-brown earths of South Australia: Implications for soil genesis},
	journal = {Geoderma}
}
@misc{https://doi.org/10.5281/zenodo.2645510,
  doi = {10.5281/ZENODO.2645510},
  url = {https://zenodo.org/record/2645510},
  author = {Kuhnen, Ágatha and Matschullat, Jörg and Sierra, Carlos A and Lima, R. M. B. de},
  keywords = {Carbon Isotope, ISRaD, Incubation, Organic Carbon, Total Carbon, 14C, Amazon basin, Oxisols},
  language = {en},
  title = {C-isotopic signatures and soil properties of Amazon basin oxisols},
  publisher = {Zenodo},
  year = {2019},
  copyright = {Creative Commons Attribution 4.0 International}
}
@article{Kuhry_1996,
	doi = {10.2307/2265676},
	url = {https://doi.org/10.2307%2F2265676},
	year = 1996,
	month = {jan},
	publisher = {Wiley},
	volume = {77},
	number = {1},
	pages = {271--275},
	author = {Peter Kuhry and Dale H. Vitt},
	title = {Fossil Carbon/Nitrogen Ratios as a Measure of Peat Decomposition},
	journal = {Ecology}
}
@article{Kuhry_1997,
	doi = {10.1016/s0034-6667(96)00018-8},
	url = {https://doi.org/10.1016%2Fs0034-6667%2896%2900018-8},
	year = 1997,
	month = {mar},
	publisher = {Elsevier {BV}},
	volume = {96},
	number = {1-2},
	pages = {183--224},
	author = {P. Kuhry},
	title = {The palaeoecology of a treed bog in western boreal Canada: a study based on microfossils, macrofossils and physico-chemical properties},
	journal = {Review of Palaeobotany and Palynology}
}
@article{KUHRY_2008,
	doi = {10.1111/j.1502-3885.2007.00022.x},
	url = {https://doi.org/10.1111%2Fj.1502-3885.2007.00022.x},
	year = 2008,
	month = {may},
	publisher = {Wiley},
	volume = {37},
	number = {2},
	pages = {316--327},
	author = {PETER KUHRY},
	title = {Palsa and peat plateau development in the Hudson Bay Lowlands, Canada: timing, pathways and causes},
	journal = {Boreas}
}
@article{Kultti_2004,
	doi = {10.1139/e04-058},
	url = {https://doi.org/10.1139%2Fe04-058},
	year = 2004,
	month = {oct},
	publisher = {Canadian Science Publishing},
	volume = {41},
	number = {10},
	pages = {1141--1158},
	author = {Seija Kultti and Pirita Oksanen and Minna Väliranta},
	title = {Holocene tree line, permafrost, and climate dynamics in the Nenets Region, East European Arctic},
	journal = {Canadian Journal of Earth Sciences}
}
@article{Kwon_2019,
	doi = {10.1111/gcb.14578},
	url = {https://doi.org/10.1111%2Fgcb.14578},
	year = 2019,
	month = {feb},
	publisher = {Wiley},
	volume = {25},
	number = {4},
	pages = {1315--1325},
	author = {Min Jung Kwon and Susan M. Natali and Caitlin E. Hicks Pries and Edward A. G. Schuur and Axel Steinhof and K. Grace Crummer and Nikita Zimov and Sergey A. Zimov and Martin Heimann and Olaf Kolle and Mathias Göckede},
	title = {Drainage enhances modern soil carbon contribution but reduces old soil carbon contribution to ecosystem respiration in tundra ecosystems},
	journal = {Global Change Biology}
}
@article{Ladyman_1980,
	doi = {10.1017/s0033822200010286},
	url = {https://doi.org/10.1017%2Fs0033822200010286},
	year = 1980,
	publisher = {Cambridge University Press ({CUP})},
	volume = {22},
	number = {3},
	pages = {885--891},
	author = {S J Ladyman and D D Harkness},
	title = {Carbon Isotope Measurement as An Index of Soil Development},
	journal = {Radiocarbon}
}
@article{L_HTEENOJA_2009,
	doi = {10.1111/j.1365-2486.2009.01920.x},
	url = {https://doi.org/10.1111%2Fj.1365-2486.2009.01920.x},
	year = 2009,
	month = {sep},
	publisher = {Wiley},
	volume = {15},
	number = {9},
	pages = {2311--2320},
	author = {OUTI LÄHTEENOJA and KALLE RUOKOLAINEN and LEIF SCHULMAN and MARKKU OINONEN},
	title = {Amazonian peatlands: an ignored C sink and potential source},
	journal = {Global Change Biology}
}
@article{L_hteenoja_2011,
	doi = {10.1111/j.1365-2486.2011.02504.x},
	url = {https://doi.org/10.1111%2Fj.1365-2486.2011.02504.x},
	year = 2011,
	month = {sep},
	publisher = {Wiley},
	volume = {18},
	number = {1},
	pages = {164--178},
	author = {Outi Lähteenoja and Yully Rojas Re{\'{a}}tegui and Matti Räsänen and Dennis Del Castillo Torres and Markku Oinonen and Susan Page},
	title = {The large Amazonian peatland carbon sink in the subsiding Pastaza-Mara{\~{n}}{\'{o}}n foreland basin, Peru},
	journal = {Global Change Biology}
}
@article{L_hteenoja_2011,
	doi = {10.1111/j.1365-2486.2011.02504.x},
	url = {https://doi.org/10.1111%2Fj.1365-2486.2011.02504.x},
	year = 2011,
	month = {sep},
	publisher = {Wiley},
	volume = {18},
	number = {1},
	pages = {164--178},
	author = {Outi Lähteenoja and Yully Rojas Re{\'{a}}tegui and Matti Räsänen and Dennis Del Castillo Torres and Markku Oinonen and Susan Page},
	title = {The large Amazonian peatland carbon sink in the subsiding Pastaza-Mara{\~{n}}{\'{o}}n foreland basin, Peru},
	journal = {Global Change Biology}
}
@article{Lamarre_2012,
	doi = {10.1016/j.revpalbo.2012.04.009},
	url = {https://doi.org/10.1016%2Fj.revpalbo.2012.04.009},
	year = 2012,
	month = {oct},
	publisher = {Elsevier {BV}},
	volume = {186},
	pages = {131--141},
	author = {Alexandre Lamarre and Michelle Garneau and Hans Asnong},
	title = {Holocene paleohydrological reconstruction and carbon accumulation of a permafrost peatland using testate amoeba and macrofossil analyses, Kuujjuarapik, subarctic Qu{\'{e}}bec, Canada},
	journal = {Review of Palaeobotany and Palynology}
}
@article{Laskar_2012,
	doi = {10.2458/azu_js_rc.v54i1.15840},
	url = {https://doi.org/10.2458%2Fazu_js_rc.v54i1.15840},
	year = 2012,
	publisher = {Cambridge University Press ({CUP})},
	volume = {54},
	number = {1},
	pages = {81--89},
	author = {Amzad H Laskar and M G Yadava and R Ramesh},
	title = {Radiocarbon and Stable Carbon Isotopes in Two Soil Profiles from Northeast India},
	journal = {Radiocarbon}
}
@article{Lassey_1996,
	doi = {10.1017/s003382220001763x},
	url = {https://doi.org/10.1017%2Fs003382220001763x},
	year = 1996,
	publisher = {Cambridge University Press ({CUP})},
	volume = {38},
	number = {2},
	pages = {253--270},
	author = {K. R. Lassey and K. R. Tate and R. J. Sparks and J. J. Claydon},
	title = {Historic Measurements of Radiocarbon in New Zealand Soils},
	journal = {Radiocarbon}
}
@article{Lavoie_1995,
	doi = {10.1139/b95-054},
	url = {https://doi.org/10.1139%2Fb95-054},
	year = 1995,
	month = {apr},
	publisher = {Canadian Science Publishing},
	volume = {73},
	number = {4},
	pages = {527--537},
	author = {Claude Lavoie and Serge Payette},
	title = {Analyse macrofossile d{\textquotesingle}une palse subarctique (Qu{\'{e}}bec nordique)},
	journal = {Canadian Journal of Botany}
}
@article{Lavoie_2011,
	doi = {10.1029/2010jg001629},
	url = {https://doi.org/10.1029%2F2010jg001629},
	year = 2011,
	month = {jul},
	publisher = {American Geophysical Union ({AGU})},
	volume = {116},
	number = {G3},
	author = {M. Lavoie and M. C. Mack and E. A. G. Schuur},
	title = {Effects of elevated nitrogen and temperature on carbon and nitrogen dynamics in Alaskan arctic and boreal soils},
	journal = {Journal of Geophysical Research}
}
@article{Lawrence_2015,
	doi = {10.1016/j.geoderma.2015.02.005},
	url = {https://doi.org/10.1016%2Fj.geoderma.2015.02.005},
	year = 2015,
	month = {jun},
	publisher = {Elsevier {BV}},
	volume = {247-248},
	pages = {73--87},
	author = {Corey R. Lawrence and Jennifer W. Harden and Xiaomei Xu and Marjorie S. Schulz and Susan E. Trumbore},
	title = {Long-term controls on soil organic carbon with depth and time: A case study from the Cowlitz River Chronosequence, {WA} {USA}},
	journal = {Geoderma}
}
@article{Lawrence_2021,
	doi = {10.1016/j.geoderma.2021.115378},
	url = {https://doi.org/10.1016%2Fj.geoderma.2021.115378},
	year = 2021,
	month = {dec},
	publisher = {Elsevier {BV}},
	volume = {403},
	pages = {115378},
	author = {Corey R. Lawrence and Marjorie S. Schulz and Caroline A. Masiello and Oliver A. Chadwick and Jennifer W. Harden},
	title = {The trajectory of soil development and its relationship to soil carbon dynamics},
	journal = {Geoderma}
}
@article{Leavitt_2007,
	doi = {10.1016/j.quaint.2006.10.033},
	url = {https://doi.org/10.1016%2Fj.quaint.2006.10.033},
	year = 2007,
	month = {mar},
	publisher = {Elsevier {BV}},
	volume = {162-163},
	pages = {21--34},
	author = {S.W. Leavitt and R.F. Follett and J.M. Kimble and E.G. Pruessner},
	title = {Radiocarbon and $\updelta$13C depth profiles of soil organic carbon in the U.S. Great Plains: A possible spatial record of paleoenvironment and paleovegetation},
	journal = {Quaternary International}
}
@article{Ledru_2001,
	doi = {10.1016/s0034-6667(01)00068-9},
	url = {https://doi.org/10.1016%2Fs0034-6667%2801%2900068-9},
	year = 2001,
	month = {jun},
	publisher = {Elsevier {BV}},
	volume = {115},
	number = {3-4},
	pages = {161--170},
	author = {Marie-Pierre Ledru},
	title = {Late Holocene rainforest disturbance in French Guiana},
	journal = {Review of Palaeobotany and Palynology}
}
@article{Lee_2011,
	doi = {10.1111/j.1365-2486.2011.02519.x},
	url = {https://doi.org/10.1111%2Fj.1365-2486.2011.02519.x},
	year = 2011,
	month = {sep},
	publisher = {Wiley},
	volume = {18},
	number = {2},
	pages = {515--527},
	author = {Hanna Lee and Edward A. G. Schuur and Kanika S. Inglett and Martin Lavoie and Jeffrey P. Chanton},
	title = {The rate of permafrost carbon release under aerobic and anaerobic conditions and its potential effects on climate},
	journal = {Global Change Biology}
}
@article{LEIFELD_2009,
	doi = {10.1111/j.1365-2486.2008.01782.x},
	url = {https://doi.org/10.1111%2Fj.1365-2486.2008.01782.x},
	year = 2009,
	month = {mar},
	publisher = {Wiley},
	volume = {15},
	number = {3},
	pages = {668--679},
	author = {JENS LEIFELD and MICHAEL ZIMMERMANN and JÜRG FUHRER and FRANZ CONEN},
	title = {Storage and turnover of carbon in grassland soils along an elevation gradient in the Swiss Alps},
	journal = {Global Change Biology}
}
@article{Leith_2014,
	doi = {10.1007/s10533-014-9977-y},
	url = {https://doi.org/10.1007%2Fs10533-014-9977-y},
	year = 2014,
	month = {apr},
	publisher = {Springer Science and Business Media {LLC}},
	volume = {119},
	number = {1-3},
	pages = {415--433},
	author = {F. I. Leith and M. H. Garnett and K. J. Dinsmore and M. F. Billett and K. V. Heal},
	title = {Source and age of dissolved and gaseous carbon in a peatland{\textendash}riparian{\textendash}stream continuum: a dual isotope (14C and $\updelta$13C) analysis},
	journal = {Biogeochemistry}
}
@article{Li_2010,
	doi = {10.1007/s11104-010-0412-4},
	url = {https://doi.org/10.1007%2Fs11104-010-0412-4},
	year = 2010,
	month = {may},
	publisher = {Springer Science and Business Media {LLC}},
	volume = {335},
	number = {1-2},
	pages = {245--253},
	author = {Yiqing Li and Bruce W. Mathews},
	title = {Effect of conversion of sugarcane plantation to forest and pasture on soil carbon in Hawaii},
	journal = {Plant and Soil}
}
@article{Liu_2006,
	doi = {10.1016/j.jenvrad.2006.07.003},
	url = {https://doi.org/10.1016%2Fj.jenvrad.2006.07.003},
	year = 2006,
	month = {jan},
	publisher = {Elsevier {BV}},
	volume = {90},
	number = {3},
	pages = {210--223},
	author = {Wei Liu and Jun Moriizumi and Hiromi Yamazawa and Takao Iida},
	title = {Depth profiles of radiocarbon and carbon isotopic compositions of organic matter and {CO}2 in a forest soil},
	journal = {Journal of Environmental Radioactivity}
}
@article{Loisel_2010,
	doi = {10.1016/j.palaeo.2010.03.020},
	url = {https://doi.org/10.1016%2Fj.palaeo.2010.03.020},
	year = 2010,
	month = {may},
	publisher = {Elsevier {BV}},
	volume = {291},
	number = {3-4},
	pages = {493--533},
	author = {Julie Loisel and Michelle Garneau},
	title = {Late Holocene paleoecohydrology and carbon accumulation estimates from two boreal peat bogs in eastern Canada: Potential and limits of multi-proxy archives},
	journal = {Palaeogeography, Palaeoclimatology, Palaeoecology}
}
@article{Loisel_2014,
	doi = {10.1177/0959683614538073},
	url = {https://doi.org/10.1177%2F0959683614538073},
	year = 2014,
	month = {jul},
	publisher = {{SAGE} Publications},
	volume = {24},
	number = {9},
	pages = {1028--1042},
	author = {Julie Loisel and Zicheng Yu and David W Beilman and Philip Camill and Jukka Alm and Matthew J Amesbury and David Anderson and Sofia Andersson and Christopher Bochicchio and Keith Barber and Lisa R Belyea and Joan Bunbury and Frank M Chambers and Daniel J Charman and Fran{\c{c}}ois De Vleeschouwer and Barbara Fia{\l}kiewicz-Kozie{\l} and Sarah A Finkelstein and Mariusz Ga{\l}ka and Michelle Garneau and Dan Hammarlund and William Hinchcliffe and James Holmquist and Paul Hughes and Miriam C Jones and Eric S Klein and Ulla Kokfelt and Atte Korhola and Peter Kuhry and Alexandre Lamarre and Mariusz Lamentowicz and David Large and Martin Lavoie and Glen MacDonald and Gabriel Magnan and Markku Mäkilä and Gunnar Mallon and Paul Mathijssen and Dmitri Mauquoy and Julia McCarroll and Tim R Moore and Jonathan Nichols and Benjamin O'Reilly and Pirita Oksanen and Maara Packalen and Dorothy Peteet and Pierre JH Richard and Stephen Robinson and Tiina Ronkainen and Mats Rundgren and A Britta K Sannel and Charles Tarnocai and Tim Thom and Eeva-Stiina Tuittila and Merritt Turetsky and Minna Väliranta and Marjolein van der Linden and Bas van Geel and Simon van Bellen and Dale Vitt and Yan Zhao and Weijian Zhou},
	title = {A database and synthesis of northern peatland soil properties and Holocene carbon and nitrogen accumulation},
	journal = {The Holocene}
}
@article{Lupascu_2013,
	doi = {10.1038/nclimate2058},
	url = {https://doi.org/10.1038%2Fnclimate2058},
	year = 2013,
	month = {dec},
	publisher = {Springer Science and Business Media {LLC}},
	volume = {4},
	number = {1},
	pages = {51--55},
	author = {M. Lupascu and J. M. Welker and U. Seibt and K. Maseyk and X. Xu and C. I. Czimczik},
	title = {High Arctic wetting reduces permafrost carbon feedbacks to climate warming},
	journal = {Nature Climate Change}
}
@article{Lupascu_2018,
	doi = {10.1029/2018jg004396},
	url = {https://doi.org/10.1029%2F2018jg004396},
	year = 2018,
	month = {aug},
	publisher = {American Geophysical Union ({AGU})},
	volume = {123},
	number = {8},
	pages = {2627--2642},
	author = {M. Lupascu and C. I. Czimczik and M. C. Welker and L. A. Ziolkowski and E. J. Cooper and J. M. Welker},
	title = {Winter Ecosystem Respiration and Sources of {CO}
		            2
		            From the High Arctic Tundra of Svalbard: Response to a Deeper Snow Experiment},
	journal = {Journal of Geophysical Research: Biogeosciences}
}
@article{Lupascu_2020,
	doi = {10.1111/gcb.15195},
	url = {https://doi.org/10.1111%2Fgcb.15195},
	year = 2020,
	month = {jul},
	publisher = {Wiley},
	volume = {26},
	number = {9},
	pages = {5125--5145},
	author = {Massimo Lupascu and Hasan Akhtar and Thomas E. L. Smith and Rahayu Sukmaria Sukri},
	title = {Post-fire carbon dynamics in the tropical peat swamp forests of Brunei reveal long-term elevated {CH}
		            4
		            flux},
	journal = {Global Change Biology}
}
@article{Lybrand_2017,
	doi = {10.1007/s10533-017-0360-7},
	url = {https://doi.org/10.1007%2Fs10533-017-0360-7},
	year = 2017,
	month = {jul},
	publisher = {Springer Science and Business Media {LLC}},
	volume = {134},
	number = {3},
	pages = {261--277},
	author = {Rebecca A. Lybrand and Katherine Heckman and Craig Rasmussen},
	title = {Soil organic carbon partitioning and $\upDelta$14C variation in desert and conifer ecosystems of southern Arizona},
	journal = {Biogeochemistry}
}
@article{Mann_2015,
	doi = {10.1038/ncomms8856},
	url = {https://doi.org/10.1038%2Fncomms8856},
	year = 2015,
	month = {jul},
	publisher = {Springer Science and Business Media {LLC}},
	volume = {6},
	number = {1},
	author = {Paul J. Mann and Timothy I. Eglinton and Cameron P. McIntyre and Nikita Zimov and Anna Davydova and Jorien E. Vonk and Robert M. Holmes and Robert G. M. Spencer},
	title = {Utilization of ancient permafrost carbon in headwaters of Arctic fluvial networks},
	journal = {Nature Communications}
}
@article{Mar_n_Spiotta_2008,
	doi = {10.1016/j.geoderma.2007.10.001},
	url = {https://doi.org/10.1016%2Fj.geoderma.2007.10.001},
	year = 2008,
	month = {jan},
	publisher = {Elsevier {BV}},
	volume = {143},
	number = {1-2},
	pages = {49--62},
	author = {Erika Mar{\'{\i}}n-Spiotta and Christopher W. Swanston and Margaret S. Torn and Whendee L. Silver and Sarah D. Burton},
	title = {Chemical and mineral control of soil carbon turnover in abandoned tropical pastures},
	journal = {Geoderma}
}
@article{Marin_Spiotta_2011,
	doi = {10.1029/2010jg001587},
	url = {https://doi.org/10.1029%2F2010jg001587},
	year = 2011,
	month = {jul},
	publisher = {American Geophysical Union ({AGU})},
	volume = {116},
	number = {G3},
	author = {Erika Marin-Spiotta and Oliver A. Chadwick and Marc Kramer and Mariah S. Carbone},
	title = {Carbon delivery to deep mineral horizons in Hawaiian rain forest soils},
	journal = {Journal of Geophysical Research}
}
@article{Mariotti_1994,
	doi = {10.1007/bf00325885},
	url = {https://doi.org/10.1007%2Fbf00325885},
	year = 1994,
	month = {may},
	publisher = {Springer Science and Business Media {LLC}},
	volume = {97},
	number = {4},
	pages = {475--480},
	author = {A. Mariotti and E. Peterschmitt},
	title = {Forest savanna ecotone dynamics in India as revealed by carbon isotope ratios of soil organic matter},
	journal = {Oecologia}
}
@article{Martel_1974,
	doi = {10.2136/sssaj1974.03615995003800030033x},
	url = {https://doi.org/10.2136%2Fsssaj1974.03615995003800030033x},
	year = 1974,
	month = {may},
	publisher = {Wiley},
	volume = {38},
	number = {3},
	pages = {501--506},
	author = {Y. A. Martel and E. A. Paul},
	title = {The Use of Radiocarbon Dating of Organic Matter in the Study of Soil Genesis},
	journal = {Soil Science Society of America Journal}
}
@article{Martens_1992,
	doi = {10.1029/91jd02885},
	url = {https://doi.org/10.1029%2F91jd02885},
	year = 1992,
	publisher = {American Geophysical Union ({AGU})},
	volume = {97},
	number = {D15},
	pages = {16689},
	author = {Christopher S. Martens and Cheryl A. Kelley and Jeffrey P. Chanton and William J. Showers},
	title = {Carbon and hydrogen isotopic characterization of methane from wetlands and lakes of the Yukon-Kuskokwim delta, western Alaska},
	journal = {Journal of Geophysical Research}
}
@article{Masiello_2004,
	doi = {10.1029/2004gb002219},
	url = {https://doi.org/10.1029%2F2004gb002219},
	year = 2004,
	month = {dec},
	publisher = {American Geophysical Union ({AGU})},
	volume = {18},
	number = {4},
	pages = {n/a--n/a},
	author = {C. A. Masiello and O. A. Chadwick and J. Southon and M. S. Torn and J. W. Harden},
	title = {Weathering controls on mechanisms of carbon storage in grassland soils},
	journal = {Global Biogeochemical Cycles}
}
@article{Massa_2021,
	doi = {10.1016/j.quascirev.2020.106744},
	url = {https://doi.org/10.1016%2Fj.quascirev.2020.106744},
	year = 2021,
	month = {feb},
	publisher = {Elsevier {BV}},
	volume = {253},
	pages = {106744},
	author = {Charly Massa and David W. Beilman and Jonathan E. Nichols and Oliver Elison Timm},
	title = {Central Pacific hydroclimate over the last 45,000 years: Molecular-isotopic evidence from leaf wax in a Hawaiʻi peatland},
	journal = {Quaternary Science Reviews}
}
@article{Mayer_2018,
	doi = {10.1016/j.geoderma.2018.04.021},
	url = {https://doi.org/10.1016%2Fj.geoderma.2018.04.021},
	year = 2018,
	month = {oct},
	publisher = {Elsevier {BV}},
	volume = {327},
	pages = {63--72},
	author = {Stefanie Mayer and Daniel Schwindt and Markus Steffens and Jörg Völkel and Ingrid Kögel-Knabner},
	title = {Drivers of organic carbon allocation in a temperate slope-floodplain catena under agricultural use},
	journal = {Geoderma}
}
@article{McClaran_2000,
	doi = {10.2307/3236777},
	url = {https://doi.org/10.2307%2F3236777},
	year = 2000,
	month = {feb},
	publisher = {Wiley},
	volume = {11},
	number = {1},
	pages = {71--76},
	author = {Mitchel P. McClaran and Marcelle Umlauf},
	title = {Desert grassland dynamics estimated from carbon isotopes in grass phytoliths and soil organic matter},
	journal = {Journal of Vegetation Science}
}
@article{de_Tapia_2005,
	doi = {10.1017/s0033822200052279},
	url = {https://doi.org/10.1017%2Fs0033822200052279},
	year = 2005,
	publisher = {Cambridge University Press ({CUP})},
	volume = {47},
	number = {1},
	pages = {159--175},
	author = {Emily McClung de Tapia and Irma Dom{\'{\i}}nguez Rubio and Jorge Gama Castro and Elizabeth Solleiro and Sergey Sedov},
	title = {Radiocarbon Dates from Soil Profiles in the Teotihuac{\'{a}}n Valley, Mexico: Indicators of Geomorphological Processes},
	journal = {Radiocarbon}
}
@article{McFarlane_2012,
	doi = {10.1007/s10533-012-9740-1},
	url = {https://doi.org/10.1007%2Fs10533-012-9740-1},
	year = 2012,
	month = {may},
	publisher = {Springer Science and Business Media {LLC}},
	volume = {112},
	number = {1-3},
	pages = {457--476},
	author = {Karis J. McFarlane and Margaret S. Torn and Paul J. Hanson and Rachel C. Porras and Christopher W. Swanston and Mac A. Callaham and Thomas P. Guilderson},
	title = {Comparison of soil organic matter dynamics at five temperate deciduous forests with physical fractionation and radiocarbon measurements},
	journal = {Biogeochemistry}
}
@article{McFarlane_2018,
	doi = {10.1017/rdc.2018.37},
	url = {https://doi.org/10.1017%2Frdc.2018.37},
	year = 2018,
	month = {may},
	publisher = {Cambridge University Press ({CUP})},
	volume = {60},
	number = {3},
	pages = {941--962},
	author = {Karis J McFarlane and Paul J Hanson and Colleen M Iversen and Jana R Phillips and Deanne J Brice},
	title = {Local Spatial Heterogeneity of Holocene Carbon Accumulation throughout the Peat Profile of an Ombrotrophic Northern Minnesota Bog},
	journal = {Radiocarbon}
}
@article{Meyer_2012,
	doi = {10.5194/bg-9-853-2012},
	url = {https://doi.org/10.5194%2Fbg-9-853-2012},
	year = 2012,
	month = {feb},
	publisher = {Copernicus {GmbH}},
	volume = {9},
	number = {2},
	pages = {853--865},
	author = {S. Meyer and J. Leifeld and M. Bahn and J. Fuhrer},
	title = {Free and protected soil organic carbon dynamics respond differently to abandonment of mountain grassland},
	journal = {Biogeosciences}
}
@article{Mikutta_2009,
	doi = {10.1016/j.gca.2008.12.028},
	url = {https://doi.org/10.1016%2Fj.gca.2008.12.028},
	year = 2009,
	month = {apr},
	publisher = {Elsevier {BV}},
	volume = {73},
	number = {7},
	pages = {2034--2060},
	author = {Robert Mikutta and Gabriele E. Schaumann and Daniela Gildemeister and Steeve Bonneville and Marc G. Kramer and Jon Chorover and Oliver A. Chadwick and Georg Guggenberger},
	title = {Biogeochemistry of mineral{\textendash}organic associations across a long-term mineralogical soil gradient (0.3{\textendash}4100kyr), Hawaiian Islands},
	journal = {Geochimica et Cosmochimica Acta}
}
@article{Milton_1997,
	doi = {10.1017/s003382220001897x},
	url = {https://doi.org/10.1017%2Fs003382220001897x},
	year = 1997,
	publisher = {Cambridge University Press ({CUP})},
	volume = {40},
	number = {2},
	pages = {999--1011},
	author = {G. M. Milton and S. J. Kramer},
	title = {Using 14C as a Tracer of Carbon Accumulation and Turnover in Soils},
	journal = {Radiocarbon}
}
@article{Monreal_1997,
	doi = {10.4141/s95-064},
	url = {https://doi.org/10.4141%2Fs95-064},
	year = 1997,
	month = {aug},
	publisher = {Canadian Science Publishing},
	volume = {77},
	number = {3},
	pages = {379--388},
	author = {C. M. Monreal and H.-R. Schulten and H. Kodama},
	title = {Age, turnover and molecular diversity of soil organic matter in aggregates of a Gleysol},
	journal = {Canadian Journal of Soil Science}
}
@article{Mueller_2014,
	doi = {10.1016/j.soilbio.2013.11.006},
	url = {https://doi.org/10.1016%2Fj.soilbio.2013.11.006},
	year = 2014,
	month = {feb},
	publisher = {Elsevier {BV}},
	volume = {69},
	pages = {168--178},
	author = {Carsten W. Mueller and Martin Gutsch and Katja Kothieringer and Jens Leifeld and Janet Rethemeyer and Nicolas Brueggemann and Ingrid Kögel-Knabner},
	title = {Bioavailability and isotopic composition of {CO}2 released from incubated soil organic matter fractions},
	journal = {Soil Biology and Biochemistry}
}
@article{Muhr_2009,
	doi = {10.1029/2009jg000998},
	url = {https://doi.org/10.1029%2F2009jg000998},
	year = 2009,
	month = {dec},
	publisher = {American Geophysical Union ({AGU})},
	volume = {114},
	number = {G4},
	author = {Jan Muhr and Werner Borken},
	title = {Delayed recovery of soil respiration after wetting of dry soil further reduces C losses from a Norway spruce forest soil},
	journal = {Journal of Geophysical Research}
}
@article{Myers_Smith_2008,
	doi = {10.5194/bg-5-1273-2008},
	url = {https://doi.org/10.5194%2Fbg-5-1273-2008},
	year = 2008,
	month = {sep},
	publisher = {Copernicus {GmbH}},
	volume = {5},
	number = {5},
	pages = {1273--1286},
	author = {I. H. Myers-Smith and J. W. Harden and M. Wilmking and C. C. Fuller and A. D. McGuire and F. S. Chapin},
	title = {Wetland succession in a permafrost collapse: interactions between  fire and thermokarst},
	journal = {Biogeosciences}
}
@article{Nagy_2018,
	doi = {10.1002/2017jg004269},
	url = {https://doi.org/10.1002%2F2017jg004269},
	year = 2018,
	month = {jan},
	publisher = {American Geophysical Union ({AGU})},
	volume = {123},
	number = {1},
	pages = {18--31},
	author = {R. Chelsea Nagy and Stephen Porder and Paulo Brando and Eric A. Davidson and Adelaine Michela e Silva Figueira and Christopher Neill and Shelby Riskin and Susan Trumbore},
	title = {Soil Carbon Dynamics in Soybean Cropland and Forests in Mato Grosso, Brazil},
	journal = {Journal of Geophysical Research: Biogeosciences}
}
@article{Nakagawa_2002,
	doi = {10.1029/2000gb001384},
	url = {https://doi.org/10.1029%2F2000gb001384},
	year = 2002,
	month = {aug},
	publisher = {American Geophysical Union ({AGU})},
	volume = {16},
	number = {3},
	pages = {14--1--14--15},
	author = {Fumiko Nakagawa and Naohiro Yoshida and Yukihiro Nojiri and VladimirN. Makarov},
	title = {Production of methane from alasses in eastern Siberia: Implications from its14C and stable isotopic compositions},
	journal = {Global Biogeochemical Cycles}
}
@article{NATALI_2011,
	doi = {10.1111/j.1365-2486.2010.02303.x},
	url = {https://doi.org/10.1111%2Fj.1365-2486.2010.02303.x},
	year = 2011,
	month = {feb},
	publisher = {Wiley},
	volume = {17},
	number = {3},
	pages = {1394--1407},
	author = {SUSAN M. NATALI and EDWARD A. G. SCHUUR and CHRISTIAN TRUCCO and CAITLIN E. HICKS PRIES and KATHRYN G. CRUMMER and ANDRES F. BARON LOPEZ},
	title = {Effects of experimental warming of air, soil and permafrost on carbon balance in Alaskan tundra},
	journal = {Global Change Biology}
}
@article{Natali_2015,
	doi = {10.1002/2014jg002872},
	url = {https://doi.org/10.1002%2F2014jg002872},
	year = 2015,
	month = {mar},
	publisher = {American Geophysical Union ({AGU})},
	volume = {120},
	number = {3},
	pages = {525--537},
	author = {Susan M. Natali and Edward A. G. Schuur and Marguerite Mauritz and John D. Schade and Gerardo Celis and Kathryn G. Crummer and Catherine Johnston and John Krapek and Elaine Pegoraro and Verity G. Salmon and Elizabeth E. Webb},
	title = {Permafrost thaw and soil moisture driving {CO}
		            2
		            and {CH}
		            4
		            release from upland tundra},
	journal = {Journal of Geophysical Research: Biogeosciences}
}
@article{Nave_2017,
	doi = {10.1016/j.geoderma.2017.05.035},
	url = {https://doi.org/10.1016%2Fj.geoderma.2017.05.035},
	year = 2017,
	month = {nov},
	publisher = {Elsevier {BV}},
	volume = {305},
	pages = {40--52},
	author = {Lucas E. Nave and Paul E. Drevnick and Katherine A. Heckman and Kathryn L. Hofmeister and Timothy J. Veverica and Christopher W. Swanston},
	title = {Soil hydrology, physical and chemical properties and the distribution of carbon and mercury in a postglacial lake-plain wetland},
	journal = {Geoderma}
}
@article{Neff_2006,
	doi = {10.1029/2006gl028222},
	url = {https://doi.org/10.1029%2F2006gl028222},
	year = 2006,
	month = {dec},
	publisher = {American Geophysical Union ({AGU})},
	volume = {33},
	number = {23},
	author = {J. C. Neff and J. C. Finlay and S. A. Zimov and S. P. Davydov and J. J. Carrasco and E. A. G. Schuur and A. I. Davydova},
	title = {Seasonal changes in the age and structure of dissolved organic carbon in Siberian rivers and streams},
	journal = {Geophysical Research Letters}
}
@article{Negandhi_2013,
	doi = {10.1371/journal.pone.0078204},
	url = {https://doi.org/10.1371%2Fjournal.pone.0078204},
	year = 2013,
	month = {nov},
	publisher = {Public Library of Science ({PLoS})},
	volume = {8},
	number = {11},
	pages = {e78204},
	author = {Karita Negandhi and Isabelle Laurion and Michael J. Whiticar and Pierre E. Galand and Xiaomei Xu and Connie Lovejoy},
	editor = {Vishal Shah},
	title = {Small Thaw Ponds: An Unaccounted Source of Methane in the Canadian High Arctic},
	journal = {{PLoS} {ONE}}
}
@article{Nichols_1967,
	doi = {10.1126/science.155.3770.1665},
	url = {https://doi.org/10.1126%2Fscience.155.3770.1665},
	year = 1967,
	month = {mar},
	publisher = {American Association for the Advancement of Science ({AAAS})},
	volume = {155},
	number = {3770},
	pages = {1665--1668},
	author = {Harvey Nichols},
	title = {Pollen Diagrams from Sub-Arctic Central Canada},
	journal = {Science}
}
@article{Nowinski_2009,
	doi = {10.1029/2008jg000801},
	url = {https://doi.org/10.1029%2F2008jg000801},
	year = 2009,
	month = {apr},
	publisher = {American Geophysical Union ({AGU})},
	volume = {114},
	number = {G2},
	pages = {n/a--n/a},
	author = {Nicole S. Nowinski and Susan E. Trumbore and Gloria Jimenez and Mark E. Fenn},
	title = {Alteration of belowground carbon dynamics by nitrogen addition in southern California mixed conifer forests},
	journal = {Journal of Geophysical Research: Biogeosciences}
}
@article{Nowinski_2010,
	doi = {10.1007/s00442-009-1556-x},
	url = {https://doi.org/10.1007%2Fs00442-009-1556-x},
	year = 2010,
	month = {jan},
	publisher = {Springer Science and Business Media {LLC}},
	volume = {163},
	number = {3},
	pages = {785--792},
	author = {Nicole S. Nowinski and Lina Taneva and Susan E. Trumbore and Jeffrey M. Welker},
	title = {Decomposition of old organic matter as a result of deeper active layers in a snow depth manipulation experiment},
	journal = {Oecologia}
}
@article{O_Donnell_2014,
	doi = {10.1002/2014jg002695},
	url = {https://doi.org/10.1002%2F2014jg002695},
	year = 2014,
	month = {nov},
	publisher = {American Geophysical Union ({AGU})},
	volume = {119},
	number = {11},
	pages = {2155--2170},
	author = {Jonathan A. O{\textquotesingle}Donnell and George R. Aiken and Michelle A. Walvoord and Peter A. Raymond and Kenna D. Butler and Mark M. Dornblaser and Katherine Heckman},
	title = {Using dissolved organic matter age and composition to detect permafrost thaw in boreal watersheds of interior Alaska},
	journal = {Journal of Geophysical Research: Biogeosciences}
}
@article{O_DONNELL_2010,
	doi = {10.1111/j.1365-2486.2010.02358.x},
	url = {https://doi.org/10.1111%2Fj.1365-2486.2010.02358.x},
	year = 2010,
	month = {dec},
	publisher = {Wiley},
	volume = {17},
	number = {3},
	pages = {1461--1474},
	author = {JONATHAN A. O{\textquotesingle}DONNELL and JENNIFER W. HARDEN and A. DAVID McGUIRE and MIKHAIL Z. KANEVSKIY and M. TORRE JORGENSON and XIAOMEI XU},
	title = {The effect of fire and permafrost interactions on soil carbon accumulation in an upland black spruce ecosystem of interior Alaska: implications for post-thaw carbon loss},
	journal = {Global Change Biology}
}
@article{O_Donnell_2011,
	doi = {10.1007/s10021-011-9504-0},
	url = {https://doi.org/10.1007%2Fs10021-011-9504-0},
	year = 2011,
	month = {nov},
	publisher = {Springer Science and Business Media {LLC}},
	volume = {15},
	number = {2},
	pages = {213--229},
	author = {Jonathan A. O'Donnell and M. Torre Jorgenson and Jennifer W. Harden and A. David McGuire and Mikhail Z. Kanevskiy and Kimberly P. Wickland},
	title = {The Effects of Permafrost Thaw on Soil Hydrologic, Thermal, and Carbon Dynamics in an Alaskan Peatland},
	journal = {Ecosystems}
}
@article{O_Brien_1986,
	doi = {10.1017/s0033822200007463},
	url = {https://doi.org/10.1017%2Fs0033822200007463},
	year = 1986,
	publisher = {Cambridge University Press ({CUP})},
	volume = {28},
	number = {2A},
	pages = {358--362},
	author = {Bernard John O{\textquotesingle}Brien},
	title = {The Use of Natural and Anthropogenic 14C to Investigate the Dynamics of Soil Organic Carbon},
	journal = {Radiocarbon}
}
@article{O_Brien_2011,
	doi = {10.1007/s10533-011-9673-0},
	url = {https://doi.org/10.1007%2Fs10533-011-9673-0},
	year = 2011,
	month = {nov},
	publisher = {Springer Science and Business Media {LLC}},
	volume = {112},
	number = {1-3},
	pages = {111--125},
	author = {Sarah L. O'Brien and Julie D. Jastrow and Karis J. McFarlane and Thomas P. Guilderson and Miquel A. Gonzalez-Meler},
	title = {Decadal cycling within long-lived carbon pools revealed by dual isotopic analysis of mineral-associated soil organic matter},
	journal = {Biogeochemistry}
}
@article{Ohno_2017,
	doi = {10.1016/j.geoderma.2017.08.023},
	url = {https://doi.org/10.1016%2Fj.geoderma.2017.08.023},
	year = 2017,
	month = {dec},
	publisher = {Elsevier {BV}},
	volume = {308},
	pages = {1--8},
	author = {Tsutomu Ohno and Katherine A. Heckman and Alain F. Plante and Ivan J. Fernandez and Thomas B. Parr},
	title = {14C mean residence time and its relationship with thermal stability and molecular composition of soil organic matter: A case study of deciduous and coniferous forest types},
	journal = {Geoderma}
}
@article{Oksanen_2001,
	doi = {10.1191/095968301675477157},
	url = {https://doi.org/10.1191%2F095968301675477157},
	year = 2001,
	month = {jan},
	publisher = {{SAGE} Publications},
	volume = {11},
	number = {1},
	pages = {25--40},
	author = {P. O. Oksanen and P. Kuhry and R. N. Alekseeva},
	title = {Holocene development of the Rogovaya River peat plateau, European Russian Arctic},
	journal = {The Holocene}
}
@article{Oksanen_2005,
	doi = {10.7202/011312ar},
	url = {https://doi.org/10.7202%2F011312ar},
	year = 2005,
	month = {sep},
	publisher = {Consortium Erudit},
	volume = {57},
	number = {2-3},
	pages = {169--187},
	author = {Pirita O. Oksanen and Peter Kuhry and Rimma N. Alekseeva},
	title = {Holocene Development and Permafrost History of the Usinsk Mire, Northeast European Russia},
	journal = {G{\'{e}}ographie physique et Quaternaire}
}
@article{OKSANEN_2008,
	doi = {10.1111/j.1502-3885.2006.tb01114.x},
	url = {https://doi.org/10.1111%2Fj.1502-3885.2006.tb01114.x},
	year = 2008,
	month = {jun},
	publisher = {Wiley},
	volume = {35},
	number = {1},
	pages = {81--95},
	author = {PIRITA O. OKSANEN},
	title = {Holocene development of the Vaisjeäggi palsa mire, Finnish Lapland},
	journal = {Boreas}
}
@article{Ouzilleau_Samson_2010,
	doi = {10.1177/0959683609356582},
	url = {https://doi.org/10.1177%2F0959683609356582},
	year = 2010,
	month = {mar},
	publisher = {{SAGE} Publications},
	volume = {20},
	number = {4},
	pages = {525--536},
	author = {David Ouzilleau Samson and Najat Bhiry and Martin Lavoie},
	title = {Late-Holocene palaeoecology of a polygonal peatland on the south shore of Hudson Strait, northern Qu{\'{e}}bec, Canada},
	journal = {The Holocene}
}
@article{OVENDEN_2008,
	doi = {10.1111/j.1502-3885.1982.tb00715.x},
	url = {https://doi.org/10.1111%2Fj.1502-3885.1982.tb00715.x},
	year = 2008,
	month = {jan},
	publisher = {Wiley},
	volume = {11},
	number = {3},
	pages = {209--224},
	author = {LYNN OVENDEN},
	title = {Vegetation history of a polygonal peatland, northern, Yukon},
	journal = {Boreas}
}
@article{Page_2004,
	doi = {10.1002/jqs.884},
	url = {https://doi.org/10.1002%2Fjqs.884},
	year = 2004,
	month = {sep},
	publisher = {Wiley},
	volume = {19},
	number = {7},
	pages = {625--635},
	author = {S. E. Page and R. A. J. W{\H{u}}st and D. Weiss and J. O. Rieley and W. Shotyk and S. H. Limin},
	title = {A record of Late Pleistocene and Holocene carbon accumulation and climate change from an equatorial peat bog(Kalimantan, Indonesia): implications for past, present and future carbon dynamics},
	journal = {Journal of Quaternary Science}
}
@article{Panova_2010,
	doi = {10.1134/s1067413610010042},
	url = {https://doi.org/10.1134%2Fs1067413610010042},
	year = 2010,
	month = {jan},
	publisher = {Pleiades Publishing Ltd},
	volume = {41},
	number = {1},
	pages = {20--27},
	author = {N. K. Panova and S. S. Trofimova and T. G. Antipina and E. V. Zinoviev and A. V. Gilev and N. G. Erokhin},
	title = {Holocene dynamics of vegetation and ecological conditions in the southern Yamal Peninsula according to the results of comprehensive analysis of a relict peat bog deposit},
	journal = {Russian Journal of Ecology}
}
@article{Paul_1997,
	doi = {10.2136/sssaj1997.03615995006100040011x},
	url = {https://doi.org/10.2136%2Fsssaj1997.03615995006100040011x},
	year = 1997,
	month = {jul},
	publisher = {Wiley},
	volume = {61},
	number = {4},
	pages = {1058--1067},
	author = {E. A. Paul and R. F. Follett and S. W. Leavitt and A. Halvorson and G. A. Peterson and D. J. Lyon},
	title = {Radiocarbon Dating for Determination of Soil Organic Matter Pool Sizes and Dynamics},
	journal = {Soil Science Society of America Journal}
}
@article{Paul_2001,
	doi = {10.1016/s0016-7061(01)00083-0},
	url = {https://doi.org/10.1016%2Fs0016-7061%2801%2900083-0},
	year = 2001,
	month = {dec},
	publisher = {Elsevier {BV}},
	volume = {104},
	number = {3-4},
	pages = {239--256},
	author = {E.A. Paul and H.P. Collins and S.W. Leavitt},
	title = {Dynamics of resistant soil carbon of Midwestern agricultural soils measured by naturally occurring 14C abundance},
	journal = {Geoderma}
}
@misc{https://doi.org/10.5281/zenodo.3370053,
  doi = {10.5281/ZENODO.3370053},
  url = {https://zenodo.org/record/3370053},
  author = {Pedron, Shawn and Holden, Sandra R. and Welker, Jeffrey M. and Ziolkowski, Lori A. and Mortero, Grace and Li, Hongyu and Walker, Jennifer and Xu, Xiaomei and Czimczik, Claudia I.},
  title = {Soil radiocarbon from moist acidic tussock and erect shrub tundra at Toolik Field Station},
  publisher = {Zenodo},
  year = {2019},
  copyright = {Creative Commons Attribution 4.0 International}
}
@article{Pegoraro_2019,
	doi = {10.1016/j.soilbio.2018.10.009},
	url = {https://doi.org/10.1016%2Fj.soilbio.2018.10.009},
	year = 2019,
	month = {feb},
	publisher = {Elsevier {BV}},
	volume = {129},
	pages = {201--211},
	author = {Elaine Pegoraro and Marguerite Mauritz and Rosvel Bracho and Chris Ebert and Paul Dijkstra and Bruce A. Hungate and Konstantinos T. Konstantinidis and Yiqi Luo and Christina Schädel and James M. Tiedje and Jizhong Zhou and Edward A.G. Schuur},
	title = {Glucose addition increases the magnitude and decreases the age of soil respired carbon in a long-term permafrost incubation study},
	journal = {Soil Biology and Biochemistry}
}
@article{Pegoraro_2020,
	doi = {10.1111/gcb.15481},
	url = {https://doi.org/10.1111%2Fgcb.15481},
	year = 2020,
	month = {dec},
	publisher = {Wiley},
	volume = {27},
	number = {6},
	pages = {1293--1308},
	author = {Elaine F. Pegoraro and Marguerite E. Mauritz and Kiona Ogle and Christopher H. Ebert and Edward A. G. Schuur},
	title = {Lower soil moisture and deep soil temperatures in thermokarst features increase old soil carbon loss after 10~years of experimental permafrost warming},
	journal = {Global Change Biology}
}
@article{P_rez_2006,
	doi = {10.1890/1051-0761(2006)016[2153:nonadn]2.0.co;2},
	url = {https://doi.org/10.1890%2F1051-0761%282006%29016%5B2153%3Anonadn%5D2.0.co%3B2},
	year = 2006,
	month = {dec},
	publisher = {Wiley},
	volume = {16},
	number = {6},
	pages = {2153--2167},
	author = {Tibisay P{\'{e}}rez and Diana Garcia-Montiel and Susan Trumbore and Stanley Tyler and Pl{\'{\i}}nio de Camargo and Marcelo Moreira and Marisa Piccolo and Carlos Cerri},
	title = {{NITROUS} {OXIDE} {NITRIFICATION} {AND} {DENITRIFICATION}15N {ENRICHMENT} {FACTORS} {FROM} {AMAZON} {FOREST} {SOILS}},
	journal = {Ecological Applications}
}
@article{Pessenda_1996,
	doi = {10.1017/s0033822200017574},
	url = {https://doi.org/10.1017%2Fs0033822200017574},
	year = 1996,
	publisher = {Cambridge University Press ({CUP})},
	volume = {38},
	number = {2},
	pages = {203--208},
	author = {L. C. R. Pessenda and E. P. E. Valencia and P. B. Camargo and E. C. C. Telles and L. A. Martinelli and C. C. Cerri and Ramon Aravena and Kazimierz Rozanski},
	title = {Natural Radiocarbon Measurements in Brazilian Soils Developed on Basic Rocks},
	journal = {Radiocarbon}
}
@article{Pessenda_1997,
	doi = {10.1017/s0033822200018981},
	url = {https://doi.org/10.1017%2Fs0033822200018981},
	year = 1997,
	publisher = {Cambridge University Press ({CUP})},
	volume = {40},
	number = {2},
	pages = {1013--1022},
	author = {L. C. R. Pessenda and S. E. M. Gouveia and Ramon Aravena and B. M. Gomes and Rene Boulet and A. S. Ribeiro},
	title = {14C Dating and Stable Carbon Isotopes of Soil Organic Matter in Forest{\textendash}Savanna Boundary Areas in the Southern Brazilian Amazon Region},
	journal = {Radiocarbon}
}
@article{Pessenda_2001,
	doi = {10.1017/s0033822200041242},
	url = {https://doi.org/10.1017%2Fs0033822200041242},
	year = 2001,
	publisher = {Cambridge University Press ({CUP})},
	volume = {43},
	number = {2B},
	pages = {595--601},
	author = {L C R Pessenda and S E M Gouveia and R Aravena},
	title = {Radiocarbon Dating of Total Soil Organic Matter and Humin Fraction and Its Comparison with 14C Ages of Fossil Charcoal},
	journal = {Radiocarbon}
}
@article{PETEET_2008,
	doi = {10.1111/j.1502-3885.1998.tb00872.x},
	url = {https://doi.org/10.1111%2Fj.1502-3885.1998.tb00872.x},
	year = 2008,
	month = {jan},
	publisher = {Wiley},
	volume = {27},
	number = {2},
	pages = {115--126},
	author = {DOROTHY PETEET and ANDREI ANDREEV and WILLIAM BARDEEN and FRANCESCA MISTRETTA},
	title = {Long-term Arctic peatland dynamics, vegetation and climate history of the Pur-Taz region, Western Siberia},
	journal = {Boreas}
}
@article{Phillips_1996,
	doi = {10.1130/0016-7606(1996)108<0794:sotcpd>2.3.co;2},
	url = {https://doi.org/10.1130%2F0016-7606%281996%29108%3C0794%3Asotcpd%3E2.3.co%3B2},
	year = 1996,
	month = {jul},
	publisher = {Geological Society of America},
	volume = {108},
	number = {7},
	pages = {794--814},
	author = {Steve Phillips and R. Marc Bustin},
	title = {Sedimentology of the Changuinola peat deposit: Organic and clastic sedimentary response to punctuated coastal subsidence},
	journal = {Geological Society of America Bulletin}
}
@article{Phillips_2013,
	doi = {10.5194/bg-10-7999-2013},
	url = {https://doi.org/10.5194%2Fbg-10-7999-2013},
	year = 2013,
	month = {dec},
	publisher = {Copernicus {GmbH}},
	volume = {10},
	number = {12},
	pages = {7999--8012},
	author = {C. L. Phillips and K. J. McFarlane and D. Risk and A. R. Desai},
	title = {Biological and physical influences on soil {\&}lt$\mathsemicolon$sup{\&}gt$\mathsemicolon$14{\&}lt$\mathsemicolon$/sup{\&}gt$\mathsemicolon${CO}{\&}lt$\mathsemicolon$sub{\&}gt$\mathsemicolon$2{\&}lt$\mathsemicolon$/sub{\&}gt$\mathsemicolon$ seasonal dynamics in a temperate hardwood forest},
	journal = {Biogeosciences}
}
@article{Posada_2011,
	doi = {10.1007/s00442-010-1881-0},
	url = {https://doi.org/10.1007%2Fs00442-010-1881-0},
	year = 2011,
	month = {jan},
	publisher = {Springer Science and Business Media {LLC}},
	volume = {165},
	number = {3},
	pages = {783--795},
	author = {Juan M. Posada and Edward A. G. Schuur},
	title = {Relationships among precipitation regime, nutrient availability, and carbon turnover in tropical rain forests},
	journal = {Oecologia}
}
@article{Quideau_2001,
	doi = {10.1016/s0146-6380(00)00171-6},
	url = {https://doi.org/10.1016%2Fs0146-6380%2800%2900171-6},
	year = 2001,
	month = {feb},
	publisher = {Elsevier {BV}},
	volume = {32},
	number = {2},
	pages = {247--252},
	author = {S.A. Quideau and O.A. Chadwick and S.E. Trumbore and J.L. Johnson-Maynard and R.C. Graham and M.A. Anderson},
	title = {Vegetation control on soil organic matter dynamics},
	journal = {Organic Geochemistry}
}
@article{Rabbi_2013,
	doi = {10.2458/azu_js_rc.v55i1.16179},
	url = {https://doi.org/10.2458%2Fazu_js_rc.v55i1.16179},
	year = 2013,
	publisher = {Cambridge University Press ({CUP})},
	volume = {55},
	number = {1},
	pages = {127--139},
	author = {Sheikh M Fazle Rabbi and Quan Hua and Heiko Daniel and Peter V Lockwood and Brian R Wilson and Iain M Young},
	title = {Mean Residence Time of Soil Organic Carbon in Aggregates Under Contrasting Land Uses Based on Radiocarbon Measurements},
	journal = {Radiocarbon}
}
@article{Rasmussen_2005,
	doi = {10.2136/sssaj2005.0040},
	url = {https://doi.org/10.2136%2Fsssaj2005.0040},
	year = 2005,
	month = {nov},
	publisher = {Wiley},
	volume = {69},
	number = {6},
	pages = {1711--1721},
	author = {Craig Rasmussen and Margaret S. Torn and Randal J. Southard},
	title = {Mineral Assemblage and Aggregates Control Carbon Dynamics in a California Conifer Forest},
	journal = {Soil Science Society of America Journal}
}
@article{Rasmussen_2010,
	doi = {10.1097/ss.0b013e3181f38400},
	url = {https://doi.org/10.1097%2Fss.0b013e3181f38400},
	year = 2010,
	month = {sep},
	publisher = {Ovid Technologies (Wolters Kluwer Health)},
	volume = {175},
	number = {9},
	pages = {438--446},
	author = {Craig Rasmussen and David A. White},
	title = {Vegetation Effects on Soil Organic Carbon Quality in an Arid Hyperthermic Ecosystem},
	journal = {Soil Science}
}
@article{Rasmussen_2018,
	doi = {10.3390/soilsystems2030041},
	url = {https://doi.org/10.3390%2Fsoilsystems2030041},
	year = 2018,
	month = {jul},
	publisher = {{MDPI} {AG}},
	volume = {2},
	number = {3},
	pages = {41},
	author = {Craig Rasmussen and Heather Throckmorton and Garrett Liles and Katherine Heckman and Stephen Meding and William Horwath},
	title = {Controls on Soil Organic Carbon Partitioning and Stabilization in the California Sierra Nevada},
	journal = {Soil Systems}
}
@article{Resh_2002,
	doi = {10.1007/s10021-001-0067-3},
	url = {https://doi.org/10.1007%2Fs10021-001-0067-3},
	year = 2002,
	month = {apr},
	publisher = {Springer Science and Business Media {LLC}},
	volume = {5},
	number = {3},
	pages = {217--231},
	author = {Sigrid C. Resh and Dan Binkley and John A. Parrotta},
	title = {Greater Soil Carbon Sequestration under Nitrogen-fixing Trees Compared with Eucalyptus Species},
	journal = {Ecosystems}
}
@article{Rethemeyer_2005,
	doi = {10.1016/j.geoderma.2004.12.017},
	url = {https://doi.org/10.1016%2Fj.geoderma.2004.12.017},
	year = 2005,
	month = {sep},
	publisher = {Elsevier {BV}},
	volume = {128},
	number = {1-2},
	pages = {94--105},
	author = {Janet Rethemeyer and Christiane Kramer and Gerd Gleixner and Bettina John and Tamon Yamashita and Heiner Flessa and Nils Andersen and Marie-J. Nadeau and Pieter M. Grootes},
	title = {Transformation of organic matter in agricultural soils: radiocarbon concentration versus soil depth},
	journal = {Geoderma}
}
@article{Richter_1999,
	doi = {10.1038/21867},
	url = {https://doi.org/10.1038%2F21867},
	year = 1999,
	month = {jul},
	publisher = {Springer Science and Business Media {LLC}},
	volume = {400},
	number = {6739},
	pages = {56--58},
	author = {Daniel D. Richter and Daniel Markewitz and Susan E. Trumbore and Carol G. Wells},
	title = {Rapid accumulation and turnover of soil carbon in a re-establishing forest},
	journal = {Nature}
}
@article{Robinson_2006,
	doi = {10.4141/s05-086},
	url = {https://doi.org/10.4141%2Fs05-086},
	year = 2006,
	month = {mar},
	publisher = {Canadian Science Publishing},
	volume = {86},
	number = {Special Issue},
	pages = {305--319},
	author = {Stephen D. Robinson},
	title = {Carbon accumulation in peatlands, southwestern Northwest Territories, Canada},
	journal = {Canadian Journal of Soil Science}
}
@article{Rogers_2014,
	doi = {10.1002/2014jg002657},
	url = {https://doi.org/10.1002%2F2014jg002657},
	year = 2014,
	month = {aug},
	publisher = {American Geophysical Union ({AGU})},
	volume = {119},
	number = {8},
	pages = {1608--1629},
	author = {B. M. Rogers and S. Veraverbeke and G. Azzari and C. I. Czimczik and S. R. Holden and G. O. Mouteva and F. Sedano and K. K. Treseder and J. T. Randerson},
	title = {Quantifying fire-wide carbon emissions in interior Alaska using field measurements and Landsat imagery},
	journal = {Journal of Geophysical Research: Biogeosciences}
}
@article{Rumpel_2002,
	doi = {10.1016/s0146-6380(02)00088-8},
	url = {https://doi.org/10.1016%2Fs0146-6380%2802%2900088-8},
	year = 2002,
	month = {oct},
	publisher = {Elsevier {BV}},
	volume = {33},
	number = {10},
	pages = {1131--1142},
	author = {C Rumpel and I Kögel-Knabner and F Bruhn},
	title = {Vertical distribution, age, and chemical composition of organic carbon in two forest soils of different pedogenesis},
	journal = {Organic Geochemistry}
}
@article{Rumpel_2008,
	doi = {10.1016/j.geoderma.2008.04.001},
	url = {https://doi.org/10.1016%2Fj.geoderma.2008.04.001},
	year = 2008,
	month = {jun},
	publisher = {Elsevier {BV}},
	volume = {145},
	number = {3-4},
	pages = {347--354},
	author = {C. Rumpel and V. Chaplot and A. Chabbi and C. Largeau and C. Valentin},
	title = {Stabilisation of {HF} soluble and {HCl} resistant organic matter in sloping tropical soils under slash and burn agriculture},
	journal = {Geoderma}
}
@article{Ruwaimana_2020,
	doi = {10.1088/1748-9326/abb853},
	url = {https://doi.org/10.1088%2F1748-9326%2Fabb853},
	year = 2020,
	month = {oct},
	publisher = {{IOP} Publishing},
	volume = {15},
	number = {11},
	pages = {114027},
	author = {Monika Ruwaimana and Gusti Z Anshari and Lucas C R Silva and Daniel G Gavin},
	title = {The oldest extant tropical peatland in the world: a major carbon reservoir for at least 47{\hspace{0.167em}}000 years},
	journal = {Environmental Research Letters}
}
@article{Saiz_2015,
	doi = {10.5194/bg-12-5041-2015},
	url = {https://doi.org/10.5194%2Fbg-12-5041-2015},
	year = 2015,
	month = {aug},
	publisher = {Copernicus {GmbH}},
	volume = {12},
	number = {16},
	pages = {5041--5059},
	author = {G. Saiz and M. Bird and C. Wurster and C. A. Quesada and P. Ascough and T. Domingues and F. Schrodt and M. Schwarz and T. R. Feldpausch and E. Veenendaal and G. Djagbletey and G. Jacobsen and F. Hien and H. Compaore and A. Diallo and J. Lloyd},
	title = {The influence of C{\&}lt$\mathsemicolon$sub{\&}gt$\mathsemicolon$3{\&}lt$\mathsemicolon$/sub{\&}gt$\mathsemicolon$ and C{\&}lt$\mathsemicolon$sub{\&}gt$\mathsemicolon$4{\&}lt$\mathsemicolon$/sub{\&}gt$\mathsemicolon$ vegetation on soil organic matter dynamics in contrasting semi-natural tropical ecosystems},
	journal = {Biogeosciences}
}
@article{Sanaiotti_2002,
	doi = {10.1111/j.1744-7429.2002.tb00237.x},
	url = {https://doi.org/10.1111%2Fj.1744-7429.2002.tb00237.x},
	year = 2002,
	month = {mar},
	publisher = {Wiley},
	volume = {34},
	number = {1},
	pages = {2--16},
	author = {T. M. Sanaiotti and L. A. Martinelli and R. L. Victoria and S. E. Trumbore and P. B. Camargo},
	title = {Past Vegetation Changes in Amazon Savannas Determined Using Carbon Isotopes of Soil Organic Matter1},
	journal = {Biotropica}
}
@article{Sanderman_2017,
	doi = {10.5194/soil-3-1-2017},
	url = {https://doi.org/10.5194%2Fsoil-3-1-2017},
	year = 2017,
	month = {jan},
	publisher = {Copernicus {GmbH}},
	volume = {3},
	number = {1},
	pages = {1--16},
	author = {Jonathan Sanderman and Courtney Creamer and W. Troy Baisden and Mark Farrell and Stewart Fallon},
	title = {Greater soil carbon stocks and faster turnover rates with increasing agricultural productivity},
	journal = {{SOIL}}
}
@article{Sangok_2020,
	doi = {10.1016/j.catena.2019.104244},
	url = {https://doi.org/10.1016%2Fj.catena.2019.104244},
	year = 2020,
	month = {jan},
	publisher = {Elsevier {BV}},
	volume = {184},
	pages = {104244},
	author = {Faustina E. Sangok and Yuki Sugiura and Nagamitsu Maie and Lulie Melling and Toshio Nakamura and Kosuke Ikeya and Akira Watanabe},
	title = {Variations in the rate of accumulation and chemical structure of soil organic matter in a coastal peatland in Sarawak, Malaysia},
	journal = {{CATENA}}
}
@article{Sannel_2008,
	doi = {10.1177/0959683608089658},
	url = {https://doi.org/10.1177%2F0959683608089658},
	year = 2008,
	month = {jun},
	publisher = {{SAGE} Publications},
	volume = {18},
	number = {4},
	pages = {589--601},
	author = {A. Britta K. Sannel and Peter Kuhry},
	title = {Long-term stability of permafrost in subarctic peat plateaus, west-central                 Canada},
	journal = {The Holocene}
}
@article{Scharpenseel_1973,
	doi = {10.1017/s0033822200058586},
	url = {https://doi.org/10.1017%2Fs0033822200058586},
	year = 1973,
	publisher = {Cambridge University Press ({CUP})},
	volume = {15},
	number = {1},
	pages = {13--41},
	author = {H. W. Scharpenseel and F. Pietig},
	title = {University of Bonn Natural Radiocarbon Measurements V},
	journal = {Radiocarbon}
}
@article{Schimel_2011,
	doi = {10.1016/j.soilbio.2011.01.008},
	url = {https://doi.org/10.1016%2Fj.soilbio.2011.01.008},
	year = 2011,
	month = {may},
	publisher = {Elsevier {BV}},
	volume = {43},
	number = {5},
	pages = {1101--1103},
	author = {Joshua P. Schimel and J.{\AA}. Martin Wetterstedt and Patricia A. Holden and Susan E. Trumbore},
	title = {Drying/rewetting cycles mobilize old C from deep soils from a California annual grassland},
	journal = {Soil Biology and Biochemistry}
}
@article{Sch_ning_2006,
	doi = {10.1016/j.soilbio.2006.03.005},
	url = {https://doi.org/10.1016%2Fj.soilbio.2006.03.005},
	year = 2006,
	month = {aug},
	publisher = {Elsevier {BV}},
	volume = {38},
	number = {8},
	pages = {2411--2424},
	author = {Ingo Schöning and Ingrid Kögel-Knabner},
	title = {Chemical composition of young and old carbon pools throughout Cambisol and Luvisol profiles under forests},
	journal = {Soil Biology and Biochemistry}
}
@article{Schrumpf_2013,
	doi = {10.5194/bg-10-1675-2013},
	url = {https://doi.org/10.5194%2Fbg-10-1675-2013},
	year = 2013,
	month = {mar},
	publisher = {Copernicus {GmbH}},
	volume = {10},
	number = {3},
	pages = {1675--1691},
	author = {M. Schrumpf and K. Kaiser and G. Guggenberger and T. Persson and I. Kögel-Knabner and E.-D. Schulze},
	title = {Storage and stability of organic carbon in soils as related to depth, occlusion within aggregates, and attachment to minerals},
	journal = {Biogeosciences}
}
@article{Schulze_2009,
	doi = {10.1111/j.1365-2389.2009.01134.x},
	url = {https://doi.org/10.1111%2Fj.1365-2389.2009.01134.x},
	year = 2009,
	month = {jun},
	publisher = {Wiley},
	volume = {60},
	number = {4},
	pages = {567--577},
	author = {K. Schulze and W. Borken and J. Muhr and E. Matzner},
	title = {Stock, turnover time and accumulation of organic matter in bulk and density fractions of a Podzol soil},
	journal = {European Journal of Soil Science}
}
@article{Schulze_2010,
	doi = {10.1007/s10533-010-9526-2},
	url = {https://doi.org/10.1007%2Fs10533-010-9526-2},
	year = 2010,
	month = {sep},
	publisher = {Springer Science and Business Media {LLC}},
	volume = {106},
	number = {3},
	pages = {461--473},
	author = {Kerstin Schulze and Werner Borken and Egbert Matzner},
	title = {Dynamics of dissolved organic 14C in throughfall and soil solution of a Norway spruce forest},
	journal = {Biogeochemistry}
}
@article{Schuur_2001,
	doi = {10.1890/0012-9658(2001)082[3182:ccascs]2.0.co;2},
	url = {https://doi.org/10.1890%2F0012-9658%282001%29082%5B3182%3Accascs%5D2.0.co%3B2},
	year = 2001,
	month = {nov},
	publisher = {Wiley},
	volume = {82},
	number = {11},
	pages = {3182--3196},
	author = {Edward A. G. Schuur and Oliver A. Chadwick and Pamela A. Matson},
	title = {{CARBON} {CYCLING} {AND} {SOIL} {CARBON} {STORAGE} {IN} {MESIC} {TO} {WET} {HAWAIIAN} {MONTANE} {FORESTS}},
	journal = {Ecology}
}
@article{Schuur_2005,
	doi = {10.1111/j.1365-2486.2005.01066.x},
	url = {https://doi.org/10.1111%2Fj.1365-2486.2005.01066.x},
	year = 2005,
	month = {nov},
	publisher = {Wiley},
	volume = {12},
	number = {2},
	pages = {165--176},
	author = {Edward A.G. Schuur and Susan E. Trumbore},
	title = {Partitioning sources of soil respiration in boreal black spruce forest using radiocarbon},
	journal = {Global Change Biology}
}
@article{Schuur_2009,
	doi = {10.1038/nature08031},
	url = {https://doi.org/10.1038%2Fnature08031},
	year = 2009,
	month = {may},
	publisher = {Springer Science and Business Media {LLC}},
	volume = {459},
	number = {7246},
	pages = {556--559},
	author = {Edward A. G. Schuur and Jason G. Vogel and Kathryn G. Crummer and Hanna Lee and James O. Sickman and T. E. Osterkamp},
	title = {The effect of permafrost thaw on old carbon release and net carbon exchange from tundra},
	journal = {Nature}
}
@article{Schwartz_1996,
	doi = {10.1007/bf00329710},
	url = {https://doi.org/10.1007%2Fbf00329710},
	year = 1996,
	month = {jun},
	publisher = {Springer Science and Business Media {LLC}},
	volume = {106},
	number = {4},
	pages = {516--524},
	author = {D. Schwartz and H. de Foresta and A. Mariotti and J. Balesdent and J. P. Massimba and C. Girardin},
	title = {Present dynamics of the savanna-forest boundary in the Congolese Mayombe: a pedological, botanical and isotopic (13C and 14C) study},
	journal = {Oecologia}
}
@article{Shaw_2004,
	doi = {10.1007/s10021-004-0135-6},
	url = {https://doi.org/10.1007%2Fs10021-004-0135-6},
	year = 2004,
	month = {may},
	publisher = {Springer Science and Business Media {LLC}},
	volume = {7},
	number = {5},
	author = {DavidC. Shaw and JerryF. Franklin and Ken Bible and Jeffrey Klopatek and Elizabeth Freeman and Sarah Greene and GeoffreyG. Parker},
	title = {Ecological Setting of the Wind River Old-growth Forest},
	journal = {Ecosystems}
}
@article{Shen_2001,
	doi = {10.1017/s0033822200041321},
	url = {https://doi.org/10.1017%2Fs0033822200041321},
	year = 2001,
	publisher = {Cambridge University Press ({CUP})},
	volume = {43},
	number = {2B},
	pages = {671--678},
	author = {Chengde Shen and Weixi Yi and Yanmin Sun and Changping Xing and Ying Yang and Chao Yuan and Zhian Li and Shaolin Peng and Zhisheng An and Tungsheng Liu},
	title = {Distribution of 14C and 13C in Forest Soils of the Dinghushan Biosphere Reserve},
	journal = {Radiocarbon}
}
@article{Sierra_2012,
	doi = {10.5194/bg-9-3013-2012},
	url = {https://doi.org/10.5194%2Fbg-9-3013-2012},
	year = 2012,
	month = {aug},
	publisher = {Copernicus {GmbH}},
	volume = {9},
	number = {8},
	pages = {3013--3028},
	author = {C. A. Sierra and S. E. Trumbore and E. A. Davidson and S. D. Frey and K. E. Savage and F. M. Hopkins},
	title = {Predicting decadal trends and transient responses of radiocarbon storage and fluxes in a temperate forest soil},
	journal = {Biogeosciences}
}
@article{Sierra_2013,
	doi = {10.5194/bg-10-3455-2013},
	url = {https://doi.org/10.5194%2Fbg-10-3455-2013},
	year = 2013,
	month = {jun},
	publisher = {Copernicus {GmbH}},
	volume = {10},
	number = {6},
	pages = {3455--3464},
	author = {C. A. Sierra and E. M. Jim{\'{e}}nez and B. Reu and M. C. Pe{\~{n}}uela and A. Thuille and C. A. Quesada},
	title = {Low vertical transfer rates of carbon inferred from radiocarbon analysis in an Amazon Podzol},
	journal = {Biogeosciences}
}
@article{Sollins_2006,
	doi = {10.1016/j.soilbio.2006.04.014},
	url = {https://doi.org/10.1016%2Fj.soilbio.2006.04.014},
	year = 2006,
	month = {nov},
	publisher = {Elsevier {BV}},
	volume = {38},
	number = {11},
	pages = {3313--3324},
	author = {Phillip Sollins and Christopher Swanston and Markus Kleber and Timothy Filley and Marc Kramer and Susan Crow and Bruce A. Caldwell and Kate Lajtha and Richard Bowden},
	title = {Organic C and N stabilization in a forest soil: Evidence from sequential density fractionation},
	journal = {Soil Biology and Biochemistry}
}
@article{Sollins_2009,
	doi = {10.1007/s10533-009-9359-z},
	url = {https://doi.org/10.1007%2Fs10533-009-9359-z},
	year = 2009,
	month = {aug},
	publisher = {Springer Science and Business Media {LLC}},
	volume = {96},
	number = {1-3},
	pages = {209--231},
	author = {Phillip Sollins and Marc G. Kramer and Christopher Swanston and Kate Lajtha and Timothy Filley and Anthony K. Aufdenkampe and Rota Wagai and Richard D. Bowden},
	title = {Sequential density fractionation across soils of contrasting mineralogy: evidence for both microbial- and mineral-controlled soil organic matter stabilization},
	journal = {Biogeochemistry}
}
@article{Spielvogel_2008,
	doi = {10.1111/j.1365-2389.2008.01030.x},
	url = {https://doi.org/10.1111%2Fj.1365-2389.2008.01030.x},
	year = 2008,
	month = {aug},
	publisher = {Wiley},
	volume = {59},
	number = {4},
	pages = {674--692},
	author = {S. Spielvogel and J. Prietzel and I. Kgel-Knabner},
	title = {Soil organic matter stabilization in acidic forest soils is preferential and soil type-specific},
	journal = {European Journal of Soil Science}
}
@incollection{STAUB_2003,
	doi = {10.2110/pec.03.76.0071},
	url = {https://doi.org/10.2110%2Fpec.03.76.0071},
	year = 2003,
	publisher = {{SEPM} (Society for Sedimentary Geology)},
	pages = {71--87},
	author = {JAMES R. STAUB and ROBERT A. GASTALDO},
	title = {{LATE} {QUATERNARY} {SEDIMENTATION} {AND} {PEAT} {DEVELOPMENT} {IN} {THE} {RAJANG} {RIVER} {DELTA}, {SARAWAK}, {EAST} {MALAYSIA}},
	booktitle = {Tropical Deltas of Southeast Asia}
}
@article{Staub_1994,
	doi = {10.1016/0037-0738(94)90085-x},
	url = {https://doi.org/10.1016%2F0037-0738%2894%2990085-x},
	year = 1994,
	month = {feb},
	publisher = {Elsevier {BV}},
	volume = {89},
	number = {1-2},
	pages = {91--106},
	author = {James R. Staub and Joan S. Esterle},
	title = {Peat-accumulating depositional systems of Sarawak, East Malaysia},
	journal = {Sedimentary Geology}
}
@article{Staub_1993,
	doi = {10.1016/0037-0738(93)90083-h},
	url = {https://doi.org/10.1016%2F0037-0738%2893%2990083-h},
	year = 1993,
	month = {may},
	publisher = {Elsevier {BV}},
	volume = {85},
	number = {1-4},
	pages = {191--201},
	author = {James R. Staub and Joan S. Esterle},
	title = {Provenance and sediment dispersal in the Rajang River delta/coastal plain system, Sarawak, East Malaysia},
	journal = {Sedimentary Geology}
}
@article{Stephan_1983,
	doi = {10.1016/0016-7061(83)90054-x},
	url = {https://doi.org/10.1016%2F0016-7061%2883%2990054-x},
	year = 1983,
	month = {jul},
	publisher = {Elsevier {BV}},
	volume = {30},
	number = {1-4},
	pages = {21--34},
	author = {S. Stephan and J. Berrier and A.A. De Petre and C. Jeanson and M.J. Kooistra and H.W. Scharpenseel and H. Schiffmann},
	title = {Characterization of in situ organic matter constituents in vertisols from Argentina, using submicroscopic and cytochemical methods {\textemdash} first report},
	journal = {Geoderma}
}
@article{Stoner_2021,
	doi = {10.1007/s10533-021-00838-z},
	url = {https://doi.org/10.1007%2Fs10533-021-00838-z},
	year = 2021,
	month = {aug},
	publisher = {Springer Science and Business Media {LLC}},
	volume = {156},
	number = {1},
	pages = {145--160},
	author = {Shane W. Stoner and Alison M. Hoyt and Susan Trumbore and Carlos A. Sierra and Marion Schrumpf and Sebastian Doetterl and W. Troy Baisden and Louis A. Schipper},
	title = {Soil organic matter turnover rates increase to match increased inputs in grazed grasslands},
	journal = {Biogeochemistry}
}
@article{Stout_1980,
	doi = {10.1017/s0033822200010298},
	url = {https://doi.org/10.1017%2Fs0033822200010298},
	year = 1980,
	publisher = {Cambridge University Press ({CUP})},
	volume = {22},
	number = {3},
	pages = {892--896},
	author = {J D Stout and K M Goh},
	title = {The Use of Radiocarbon to Measure the Effects of Earthworms On Soil Development},
	journal = {Radiocarbon}
}
@article{Striegl_2007,
	doi = {10.1029/2006wr005201},
	url = {https://doi.org/10.1029%2F2006wr005201},
	year = 2007,
	month = {feb},
	publisher = {American Geophysical Union ({AGU})},
	volume = {43},
	number = {2},
	author = {Robert G. Striegl and Mark M. Dornblaser and George R. Aiken and Kimberly P. Wickland and Peter A. Raymond},
	title = {Carbon export and cycling by the Yukon, Tanana, and Porcupine rivers, Alaska, 2001-2005},
	journal = {Water Resources Research}
}
@article{Strobel_2019,
	doi = {10.1016/j.quascirev.2019.06.014},
	url = {https://doi.org/10.1016%2Fj.quascirev.2019.06.014},
	year = 2019,
	month = {aug},
	publisher = {Elsevier {BV}},
	volume = {218},
	pages = {200--214},
	author = {P. Strobel and T. Kasper and P. Frenzel and K. Schittek and L.J. Quick and M.E. Meadows and R. Mäusbacher and T. Haberzettl},
	title = {Late Quaternary palaeoenvironmental change in the year-round rainfall zone of South Africa derived from peat sediments from Vankervelsvlei},
	journal = {Quaternary Science Reviews}
}
@article{Stubbins_2012,
	doi = {10.1038/ngeo1403},
	url = {https://doi.org/10.1038%2Fngeo1403},
	year = 2012,
	month = {feb},
	publisher = {Springer Science and Business Media {LLC}},
	volume = {5},
	number = {3},
	pages = {198--201},
	author = {Aron Stubbins and Eran Hood and Peter A. Raymond and George R. Aiken and Rachel L. Sleighter and Peter J. Hernes and David Butman and Patrick G. Hatcher and Robert G. Striegl and Paul Schuster and Hussain A. N. Abdulla and Andrew W. Vermilyea and Durelle T. Scott and Robert G. M. Spencer},
	title = {Anthropogenic aerosols as a source of ancient dissolved organic matter in glaciers},
	journal = {Nature Geoscience}
}
@article{Swanston_2005,
	doi = {10.1016/j.geoderma.2004.12.015},
	url = {https://doi.org/10.1016%2Fj.geoderma.2004.12.015},
	year = 2005,
	month = {sep},
	publisher = {Elsevier {BV}},
	volume = {128},
	number = {1-2},
	pages = {52--62},
	author = {Christopher W. Swanston and Margaret S. Torn and Paul J. Hanson and John R. Southon and Charles T. Garten and Erin M. Hanlon and Lisa Ganio},
	title = {Initial characterization of processes of soil carbon stabilization using forest stand-level radiocarbon enrichment},
	journal = {Geoderma}
}
@article{Swindles_2017,
	doi = {10.1111/gcb.13950},
	url = {https://doi.org/10.1111%2Fgcb.13950},
	year = 2017,
	month = {dec},
	publisher = {Wiley},
	volume = {24},
	number = {2},
	pages = {738--757},
	author = {Graeme T. Swindles and Paul J. Morris and Bronwen Whitney and Jennifer M. Galloway and Mariusz Ga{\l}ka and Angela Gallego-Sala and Andrew L. Macumber and Donal Mullan and Mark W. Smith and Matthew J. Amesbury and Thomas P. Roland and Hamed Sanei and R. Timothy Patterson and Nicole Sanderson and Lauren Parry and Dan J. Charman and Omar Lopez and Elvis Valderamma and Elizabeth J. Watson and Ruza F. Ivanovic and Paul J. Valdes and T. Edward Turner and Outi Lähteenoja},
	title = {Ecosystem state shifts during long-term development of an Amazonian peatland},
	journal = {Global Change Biology}
}
@article{Szymanski_2019,
	doi = {10.1016/j.soilbio.2018.08.025},
	url = {https://doi.org/10.1016%2Fj.soilbio.2018.08.025},
	year = 2019,
	month = {jan},
	publisher = {Elsevier {BV}},
	volume = {128},
	pages = {35--44},
	author = {Laura M. Szymanski and Gregg R. Sanford and Katherine A. Heckman and Randall D. Jackson and Erika Mar{\'{\i}}n-Spiotta},
	title = {Conversion to bioenergy crops alters the amount and age of microbially-respired soil carbon},
	journal = {Soil Biology and Biochemistry}
}
@article{Tan_2013,
	doi = {10.1007/s11434-012-5660-7},
	url = {https://doi.org/10.1007%2Fs11434-012-5660-7},
	year = 2013,
	month = {jan},
	publisher = {Springer Science and Business Media {LLC}},
	volume = {58},
	number = {16},
	pages = {1936--1947},
	author = {WenBing Tan and LiPing Zhou and KeXin Liu},
	title = {Soil aggregate fraction-based 14C analysis and its application in the study of soil organic carbon turnover under forests of different ages},
	journal = {Chinese Science Bulletin}
}
@misc{https://doi.org/10.1594/pangaea.863689,
  doi = {10.1594/PANGAEA.863689},
  url = {https://doi.pangaea.de/10.1594/PANGAEA.863689},
  author = {Treat, Claire C and Jones, Miriam C and Camill, Philip and Gallego-Sala, Angela V and Garneau, Michelle and Harden, Jennifer W and Hugelius, Gustaf and Klein, Eric S and Kokfelt, Ulla and Kuhry, Peter and Loisel, Julie and Mathijssen, Paul J H and O'Donnell, Jonathan A and Oksanen, Pirita O and Ronkainen, Tiina M and Sannel, A Britta K and Talbot, Julie and Tarnocai, Charles and Väliranta, Minna},
  keywords = {Event label, Site, Core, LATITUDE, LONGITUDE, Height above sea floor/altitude, DEPTH, sediment/rock, AGE, Age, error, Age, upper confidence level, Age, lower confidence level, Age model, Laboratory code/label, Number, Analysis, Reference/source, Identification, Comment, Peat corer, Biological sample, Outcrop sample, Monitoring, Multiple investigations, Remote sensing (Corona), Observation, QUEEN_Exped},
  language = {en},
  title = {(Table S1) Site locations of cores and descriptions},
  publisher = {PANGAEA - Data Publisher for Earth & Environmental Science},
  year = {2016},
  copyright = {Creative Commons Attribution Non Commercial No Derivatives 3.0 Unported}
}
@article{Taylor_2015,
	doi = {10.1007/s10021-014-9839-4},
	url = {https://doi.org/10.1007%2Fs10021-014-9839-4},
	year = 2015,
	month = {jan},
	publisher = {Springer Science and Business Media {LLC}},
	volume = {18},
	number = {3},
	pages = {459--470},
	author = {Adam J. Taylor and Chun-Ta Lai and Francesca M. Hopkins and Sonia Wharton and Ken Bible and Xiaomei Xu and Claire Phillips and Susan Bush and James R. Ehleringer},
	title = {Radiocarbon-Based Partitioning of Soil Respiration in an Old-Growth Coniferous Forest},
	journal = {Ecosystems}
}
@article{Tefs_2012,
	doi = {10.1016/j.foreco.2011.09.010},
	url = {https://doi.org/10.1016%2Fj.foreco.2011.09.010},
	year = 2012,
	month = {jan},
	publisher = {Elsevier {BV}},
	volume = {263},
	pages = {131--137},
	author = {Cindy Tefs and Gerd Gleixner},
	title = {Importance of root derived carbon for soil organic matter storage in a temperate old-growth beech forest {\textendash} Evidence from C, N and 14C content},
	journal = {Forest Ecology and Management}
}
@article{Tegen_1996,
	doi = {10.1017/s0033822200017628},
	url = {https://doi.org/10.1017%2Fs0033822200017628},
	year = 1996,
	publisher = {Cambridge University Press ({CUP})},
	volume = {38},
	number = {2},
	pages = {247--251},
	author = {Ina Tegen and Helmut Dörr},
	title = {14C Measurements of Soil Organic Matter, Soil Co2 and Dissolved Organic Carbon (1987{\textendash}1992)},
	journal = {Radiocarbon}
}
@article{Martinelli_1996,
	doi = {10.1007/bf00334565},
	url = {https://doi.org/10.1007%2Fbf00334565},
	year = 1996,
	month = {may},
	publisher = {Springer Science and Business Media {LLC}},
	volume = {106},
	number = {3},
	pages = {376--381},
	author = {I. A. Martinelli and L. C. R. Pessenda and E. Espinoza and P. B. Camargo and F. C. Telles and C. C. Cerri and R. L. Victoria and R. Aravena and J. Richey and S. Trumbore},
	title = {Carbon-13 variation with depth in soils of Brazil and climate change during the Quaternary},
	journal = {Oecologia}
}
@article{Tifafi_2018,
	doi = {10.5194/gmd-11-4711-2018},
	url = {https://doi.org/10.5194%2Fgmd-11-4711-2018},
	year = 2018,
	month = {nov},
	publisher = {Copernicus {GmbH}},
	volume = {11},
	number = {12},
	pages = {4711--4726},
	author = {Marwa Tifafi and Marta Camino-Serrano and Christine Hatt{\'{e}} and Hector Morras and Lucas Moretti and Sebasti{\'{a}}n Barbaro and Sophie Cornu and Bertrand Guenet},
	title = {The use of radiocarbon {\&}lt$\mathsemicolon$sup{\&}gt$\mathsemicolon$14{\&}lt$\mathsemicolon$/sup{\&}gt$\mathsemicolon$C to constrain carbon dynamics in the soil module of the land surface model {ORCHIDEE} ({SVN} r5165)},
	journal = {Geoscientific Model Development}
}
@article{Tonneijck_2006,
	doi = {10.1017/s0033822200038790},
	url = {https://doi.org/10.1017%2Fs0033822200038790},
	year = 2006,
	publisher = {Cambridge University Press ({CUP})},
	volume = {48},
	number = {3},
	pages = {337--353},
	author = {Femke H Tonneijck and Johannes van der Plicht and Boris Jansen and Jacobus M Verstraten and Henry Hooghiemstra},
	title = {Radiocarbon Dating of Soil Organic Matter Fractions in Andosols in Northern Ecuador},
	journal = {Radiocarbon}
}
@article{Torn_1997,
	doi = {10.1038/38260},
	url = {https://doi.org/10.1038%2F38260},
	year = 1997,
	month = {sep},
	publisher = {Springer Science and Business Media {LLC}},
	volume = {389},
	number = {6647},
	pages = {170--173},
	author = {Margaret S. Torn and Susan E. Trumbore and Oliver A. Chadwick and Peter M. Vitousek and David M. Hendricks},
	title = {Mineral control of soil organic carbon storage and turnover},
	journal = {Nature}
}
@article{Torn_2002,
	doi = {10.1046/j.1365-2486.2002.00477.x},
	url = {https://doi.org/10.1046%2Fj.1365-2486.2002.00477.x},
	year = 2002,
	month = {sep},
	publisher = {Wiley},
	volume = {8},
	number = {10},
	pages = {941--953},
	author = {Margaret S. Torn and Andrei G. Lapenis and Anatoly Timofeev and Marc L. Fischer and Boris V. Babikov and Jennifer W. Harden},
	title = {Organic carbon and carbon isotopes in modern and 100-year-old-soil archives of the Russian steppe},
	journal = {Global Change Biology}
}
@article{Torn_2005,
	doi = {10.1007/s10021-004-0259-8},
	url = {https://doi.org/10.1007%2Fs10021-004-0259-8},
	year = 2005,
	month = {jun},
	publisher = {Springer Science and Business Media {LLC}},
	volume = {8},
	number = {4},
	pages = {352--372},
	author = {Margaret S. Torn and Peter M. Vitousek and Susan E. Trumbore},
	title = {The Influence of Nutrient Availability on Soil Organic Matter Turnover Estimated by Incubations and Radiocarbon Modeling},
	journal = {Ecosystems}
}
@article{Tremblay_2014,
	doi = {10.1139/cjes-2013-0123},
	url = {https://doi.org/10.1139%2Fcjes-2013-0123},
	year = 2014,
	month = {may},
	publisher = {Canadian Science Publishing},
	volume = {51},
	number = {5},
	pages = {500--509},
	author = {Sylvain Tremblay and Najat Bhiry and Martin Lavoie},
	editor = {Anne de Vernal},
	title = {Long-term dynamics of a palsa in the sporadic permafrost zone of northwestern Quebec (Canada)},
	journal = {Canadian Journal of Earth Sciences}
}
@article{1990,
	doi = {10.1016/0045-8732(90)90051-o},
	url = {https://doi.org/10.1016%2F0045-8732%2890%2990051-o},
	year = 1990,
	month = {aug},
	publisher = {Elsevier {BV}},
	volume = {1990},
	number = {118},
	pages = {6--7},
	title = {International conference on soils and the Greenhouse Effect},
	journal = {{COSPAR} Information Bulletin}
}
@article{Trumbore_1993,
	doi = {10.1029/93gb00468},
	url = {https://doi.org/10.1029%2F93gb00468},
	year = 1993,
	month = {jun},
	publisher = {American Geophysical Union ({AGU})},
	volume = {7},
	number = {2},
	pages = {275--290},
	author = {Susan E. Trumbore},
	title = {Comparison of carbon dynamics in tropical and temperate soils using radiocarbon measurements},
	journal = {Global Biogeochemical Cycles}
}
@article{Trumbore_1995,
	doi = {10.1029/95gb02148},
	url = {https://doi.org/10.1029%2F95gb02148},
	year = 1995,
	month = {dec},
	publisher = {American Geophysical Union ({AGU})},
	volume = {9},
	number = {4},
	pages = {515--528},
	author = {Susan E. Trumbore and Eric A. Davidson and Pl{\'{\i}}nio Barbosa de Camargo and Daniel C. Nepstad and Luiz Antonio Martinelli},
	title = {Belowground cycling of carbon in forests and pastures of eastern Amazonia},
	journal = {Global Biogeochemical Cycles}
}
@article{De_Camargo_1999,
	doi = {10.1046/j.1365-2486.1999.00259.x},
	url = {https://doi.org/10.1046%2Fj.1365-2486.1999.00259.x},
	year = 1999,
	month = {aug},
	publisher = {Wiley},
	volume = {5},
	number = {6},
	pages = {693--702},
	author = {Pl{\'{\i}}nio B. De Camargo and Susan E. Trumbore and LuiZ. A. Martinelli and EriC. A. Davidson and Daniel C. Nepstad and Reynaldo L. Victoria},
	title = {Soil carbon dynamics in regrowing forest of eastern Amazonia},
	journal = {Global Change Biology}
}
@misc{https://doi.org/10.3334/ornldaac/1025,
  doi = {10.3334/ORNLDAAC/1025},
  url = {http://daac.ornl.gov/cgi-bin/dsviewer.pl?ds_id=1025},
  author = {TELLES, E.D.C. and DE CAMARGO, P.B. and MARTINELLI, L.A. and TRUMBORE, S.E. and DA COSTA, E.S. and SANTOS, J. and HIGUCHI, N. and OLIVEIRA, R.C.D. and MARKEWITZ, D.},
  language = {en},
  title = {LBA-ECO CD-08 Carbon Isotopes in Belowground Carbon Pools, Amazonas and Para, Brazil},
  publisher = {ORNL Distributed Active Archive Center},
  year = {2011}
}
@article{Trumbore_1996,
	doi = {10.1126/science.272.5260.393},
	url = {https://doi.org/10.1126%2Fscience.272.5260.393},
	year = 1996,
	month = {apr},
	publisher = {American Association for the Advancement of Science ({AAAS})},
	volume = {272},
	number = {5260},
	pages = {393--396},
	author = {Susan E. Trumbore and Oliver A. Chadwick and Ronald Amundson},
	title = {Rapid Exchange Between Soil Carbon and Atmospheric Carbon Dioxide Driven by Temperature Change},
	journal = {Science}
}
@article{Koarashi_2012,
	doi = {10.1029/2012jg002034},
	url = {https://doi.org/10.1029%2F2012jg002034},
	year = 2012,
	month = {sep},
	publisher = {American Geophysical Union ({AGU})},
	volume = {117},
	number = {G3},
	pages = {n/a--n/a},
	author = {Jun Koarashi and William C. Hockaday and Caroline A. Masiello and Susan E. Trumbore},
	title = {Dynamics of decadally cycling carbon in subsurface soils},
	journal = {Journal of Geophysical Research: Biogeosciences}
}
@article{Trumbore_1997,
	doi = {10.1029/97jd02231},
	url = {https://doi.org/10.1029%2F97jd02231},
	year = 1997,
	month = {dec},
	publisher = {American Geophysical Union ({AGU})},
	volume = {102},
	number = {D24},
	pages = {28817--28830},
	author = {S. E. Trumbore and J. W. Harden},
	title = {Accumulation and turnover of carbon in organic and mineral soils of the {BOREAS} northern study area},
	journal = {Journal of Geophysical Research: Atmospheres}
}
@article{Trumbore_1999,
	doi = {10.1029/1999jd900433},
	url = {https://doi.org/10.1029%2F1999jd900433},
	year = 1999,
	month = {nov},
	publisher = {American Geophysical Union ({AGU})},
	volume = {104},
	number = {D22},
	pages = {27673--27682},
	author = {Susan E. Trumbore and Jill L. Bubier and Jennifer W. Harden and Patrick M. Crill},
	title = {Carbon cycling in boreal wetlands: A comparison of three approaches},
	journal = {Journal of Geophysical Research: Atmospheres}
}
@misc{https://doi.org/10.5281/zenodo.5168031,
  doi = {10.5281/ZENODO.5168031},
  url = {https://zenodo.org/record/5168031},
  author = {Trumbore, Susan and Lawrence, Corey and Khomo, Lesego},
  title = {Radiocarbon in Bulk and Respired CO2 from the Cowlitz River Chronosequence, Washington, USA},
  publisher = {Zenodo},
  year = {2021},
  copyright = {Creative Commons Attribution 4.0 International}
}
@article{Upton_2018,
	doi = {10.1016/j.geoderma.2018.03.030},
	url = {https://doi.org/10.1016%2Fj.geoderma.2018.03.030},
	year = 2018,
	month = {sep},
	publisher = {Elsevier {BV}},
	volume = {326},
	pages = {76--87},
	author = {Abbie Upton and Christopher H. Vane and Nick Girkin and Benjamin L. Turner and Sofie Sjögersten},
	title = {Does litter input determine carbon storage and peat organic chemistry in tropical peatlands?},
	journal = {Geoderma}
}
@article{V_liranta_2003,
	doi = {10.1016/s0033-5894(03)00041-3},
	url = {https://doi.org/10.1016%2Fs0033-5894%2803%2900041-3},
	year = 2003,
	month = {may},
	publisher = {Cambridge University Press ({CUP})},
	volume = {59},
	number = {3},
	pages = {335--344},
	author = {Minna Väliranta and Anu Kaakinen and Peter Kuhry},
	title = {Holocene climate and landscape evolution East of the Pechora Delta, East-European Russian Arctic},
	journal = {Quaternary Research}
}
@article{van_Bellen_2011,
	doi = {10.1177/0959683611405243},
	url = {https://doi.org/10.1177%2F0959683611405243},
	year = 2011,
	month = {jul},
	publisher = {{SAGE} Publications},
	volume = {21},
	number = {8},
	pages = {1217--1231},
	author = {Simon van Bellen and Michelle Garneau and Robert K. Booth},
	title = {Holocene carbon accumulation rates from three ombrotrophic peatlands in boreal Quebec, Canada: Impact of climate-driven ecohydrological change},
	journal = {The Holocene}
}
@article{van_Dam_1997,
	doi = {10.1023/a:1005880031579},
	url = {https://doi.org/10.1023%2Fa%3A1005880031579},
	year = 1997,
	publisher = {Springer Science and Business Media {LLC}},
	volume = {39},
	number = {3},
	pages = {343--375},
	author = {Douwe van Dam and Nico van Breemen and Edzo Veldkamp},
	journal = {Biogeochemistry}
}
@article{van_der_Voort_2016,
	doi = {10.5194/bg-13-3427-2016},
	url = {https://doi.org/10.5194%2Fbg-13-3427-2016},
	year = 2016,
	month = {jun},
	publisher = {Copernicus {GmbH}},
	volume = {13},
	number = {11},
	pages = {3427--3439},
	author = {Tessa Sophia van der Voort and Frank Hagedorn and Cameron McIntyre and Claudia Zell and Lorenz Walthert and Patrick Schleppi and Xiaojuan Feng and Timothy Ian Eglinton},
	title = {Variability in {\&}lt$\mathsemicolon$sup{\&}gt$\mathsemicolon$14{\&}lt$\mathsemicolon$/sup{\&}gt$\mathsemicolon$C contents of soil organic matter at the plot and  regional scale across climatic and geologic gradients},
	journal = {Biogeosciences}
}
@article{van_Mourik_2010,
	doi = {10.1016/j.catena.2009.11.004},
	url = {https://doi.org/10.1016%2Fj.catena.2009.11.004},
	year = 2010,
	month = {mar},
	publisher = {Elsevier {BV}},
	volume = {80},
	number = {3},
	pages = {170--181},
	author = {J.M. van Mourik and K.G.J. Nierop and D.A.G. Vandenberghe},
	title = {Radiocarbon and optically stimulated luminescence dating based chronology of a polycyclic driftsand sequence at Weerterbergen ({SE} Netherlands)},
	journal = {{CATENA}}
}
@article{Vardy_1997,
	doi = {10.1006/qres.1996.1869},
	url = {https://doi.org/10.1006%2Fqres.1996.1869},
	year = 1997,
	month = {jan},
	publisher = {Cambridge University Press ({CUP})},
	volume = {47},
	number = {1},
	pages = {90--104},
	author = {Sheila R. Vardy and Barry G. Warner and Ramon Aravena},
	title = {Holocene Climate Effects on the Development of a Peatland on the Tuktoyaktuk Peninsula, Northwest Territories},
	journal = {Quaternary Research}
}
@article{Vardy_1998,
	doi = {10.1023/a:1005473021115},
	url = {https://doi.org/10.1023%2Fa%3A1005473021115},
	year = 1998,
	publisher = {Springer Science and Business Media {LLC}},
	volume = {40},
	number = {2},
	pages = {285--313},
	author = {Sheila R. Vardy and Barry G. Warner and Ramon Aravena},
	journal = {Climatic Change}
}
@article{Vardy_2000,
	doi = {10.1191/095968300671749538},
	url = {https://doi.org/10.1191%2F095968300671749538},
	year = 2000,
	month = {feb},
	publisher = {{SAGE} Publications},
	volume = {10},
	number = {2},
	pages = {273--280},
	author = {S. R. Vardy and B. G. Warner and J. Turunen and R. Aravena},
	title = {Carbon accumulation in permafrost peatlands in the Northwest Territories and                 Nunavut, Canada},
	journal = {The Holocene}
}
@article{VARDY_2008,
	doi = {10.1111/j.1502-3885.2005.tb01104.x},
	url = {https://doi.org/10.1111%2Fj.1502-3885.2005.tb01104.x},
	year = 2008,
	month = {jun},
	publisher = {Wiley},
	volume = {34},
	number = {3},
	pages = {324--334},
	author = {SHEILA R. VARDY and BARRY G. WARNER and TARO ASADA},
	title = {Holocene environmental change in two polygonal peatlands, south-central Nunavut, Canada},
	journal = {Boreas}
}
@article{Vaughn_2018,
	doi = {10.5194/essd-10-1943-2018},
	url = {https://doi.org/10.5194%2Fessd-10-1943-2018},
	year = 2018,
	month = {oct},
	publisher = {Copernicus {GmbH}},
	volume = {10},
	number = {4},
	pages = {1943--1957},
	author = {Lydia J. S. Vaughn and Margaret S. Torn},
	title = {Radiocarbon measurements of ecosystem respiration and soil pore-space {CO}{\&}lt$\mathsemicolon$sub{\&}gt$\mathsemicolon$2{\&}lt$\mathsemicolon$/sub{\&}gt$\mathsemicolon$ in Utqia{\.{g}}vik (Barrow), Alaska},
	journal = {Earth System Science Data}
}
@article{Vaughn_2019,
	doi = {10.1038/s41558-019-0468-y},
	url = {https://doi.org/10.1038%2Fs41558-019-0468-y},
	year = 2019,
	month = {may},
	publisher = {Springer Science and Business Media {LLC}},
	volume = {9},
	number = {6},
	pages = {467--471},
	author = {Lydia J. S. Vaughn and Margaret S. Torn},
	title = {14C evidence that millennial and fast-cycling soil carbon are equally sensitive to warming},
	journal = {Nature Climate Change}
}
@article{Wagai_2015,
	doi = {10.1016/j.geoderma.2014.11.028},
	url = {https://doi.org/10.1016%2Fj.geoderma.2014.11.028},
	year = 2015,
	month = {mar},
	publisher = {Elsevier {BV}},
	volume = {241-242},
	pages = {295--305},
	author = {Rota Wagai and Masako Kajiura and Maki Asano and Syuntaro Hiradate},
	title = {Nature of soil organo-mineral assemblage examined by sequential density fractionation with and without sonication: Is allophanic soil different?},
	journal = {Geoderma}
}
@article{Wahlen_1989,
	doi = {10.1126/science.245.4915.286},
	url = {https://doi.org/10.1126%2Fscience.245.4915.286},
	year = 1989,
	month = {jul},
	publisher = {American Association for the Advancement of Science ({AAAS})},
	volume = {245},
	number = {4915},
	pages = {286--290},
	author = {M. Wahlen and N. Tanaka and R. Henry and B. Deck and J. Zeglen and J. S. Vogel and J. Southon and A. Shemesh and R. Fairbanks and W. Broecker},
	title = {Carbon-14 in Methane Sources and in Atmospheric Methane: The Contribution from Fossil Carbon},
	journal = {Science}
}
@article{Waldron_2019,
	doi = {10.1038/s41598-019-46534-9},
	url = {https://doi.org/10.1038%2Fs41598-019-46534-9},
	year = 2019,
	month = {aug},
	publisher = {Springer Science and Business Media {LLC}},
	volume = {9},
	number = {1},
	author = {Susan Waldron and Leena Vihermaa and Stephanie Evers and Mark H. Garnett and Jason Newton and Andrew C. G. Henderson},
	title = {C mobilisation in disturbed tropical peat swamps: old {DOC} can fuel the fluvial efflux of old carbon dioxide, but site recovery can occur},
	journal = {Scientific Reports}
}
@article{Waldrop_2012,
	doi = {10.1016/j.soilbio.2012.02.032},
	url = {https://doi.org/10.1016%2Fj.soilbio.2012.02.032},
	year = 2012,
	month = {jul},
	publisher = {Elsevier {BV}},
	volume = {50},
	pages = {188--198},
	author = {M.P. Waldrop and J.W. Harden and M.R. Turetsky and D.G. Petersen and A.D. McGuire and M.J.I. Briones and A.C. Churchill and D.H. Doctor and L.E. Pruett},
	title = {Bacterial and enchytraeid abundance accelerate soil carbon turnover along a lowland vegetation gradient in interior Alaska},
	journal = {Soil Biology and Biochemistry}
}
@article{Walter_2008,
	doi = {10.1029/2007jg000569},
	url = {https://doi.org/10.1029%2F2007jg000569},
	year = 2008,
	month = {aug},
	publisher = {American Geophysical Union ({AGU})},
	volume = {113},
	author = {K. M. Walter and J. P. Chanton and F. S. Chapin and E. A. G. Schuur and S. A. Zimov},
	title = {Methane production and bubble emissions from arctic lakes: Isotopic implications for source pathways and ages},
	journal = {Journal of Geophysical Research}
}
@article{Walter_Anthony_2016,
	doi = {10.1038/ngeo2795},
	url = {https://doi.org/10.1038%2Fngeo2795},
	year = 2016,
	month = {aug},
	publisher = {Springer Science and Business Media {LLC}},
	volume = {9},
	number = {9},
	pages = {679--682},
	author = {Katey Walter Anthony and Ronald Daanen and Peter Anthony and Thomas Schneider von Deimling and Chien-Lu Ping and Jeffrey P. Chanton and Guido Grosse},
	title = {Methane emissions proportional to permafrost carbon thawed in Arctic lakes since the 1950s},
	journal = {Nature Geoscience}
}
@article{Wang_1996,
	doi = {10.1006/qres.1996.0029},
	url = {https://doi.org/10.1006%2Fqres.1996.0029},
	year = 1996,
	month = {may},
	publisher = {Cambridge University Press ({CUP})},
	volume = {45},
	number = {3},
	pages = {282--288},
	author = {Yang Wang and Ronald Amundson and Susan Trumbore},
	title = {Radiocarbon Dating of Soil Organic Matter},
	journal = {Quaternary Research}
}
@article{Wang_1999,
	doi = {10.1029/1998gb900005},
	url = {https://doi.org/10.1029%2F1998gb900005},
	year = 1999,
	month = {mar},
	publisher = {American Geophysical Union ({AGU})},
	volume = {13},
	number = {1},
	pages = {47--57},
	author = {Yang Wang and Ronald Amundson and Susan Trumbore},
	title = {The impact of land use change on C turnover in soils},
	journal = {Global Biogeochemical Cycles}
}
@article{Wang_2000,
	doi = {10.1029/1999gb900074},
	url = {https://doi.org/10.1029%2F1999gb900074},
	year = 2000,
	month = {mar},
	publisher = {American Geophysical Union ({AGU})},
	volume = {14},
	number = {1},
	pages = {199--211},
	author = {Yang Wang and Ronald Amundson and Xu-Feng Niu},
	title = {Seasonal and altitudinal variation in decomposition of soil organic matter inferred from radiocarbon measurements of soil {CO}2flux},
	journal = {Global Biogeochemical Cycles}
}
@article{WANG_2005,
	doi = {10.1111/j.1744-7909.2005.00085.x},
	url = {https://doi.org/10.1111%2Fj.1744-7909.2005.00085.x},
	year = 2005,
	month = {apr},
	publisher = {Wiley},
	volume = {47},
	number = {4},
	pages = {411--420},
	author = {Lin WANG and Hua OUYANG and Cai-Ping ZHOUM and Feng ZHANG and Ming-Hua SONG and Yu-Qiang TIAN},
	title = {Soil Organic Matter Dynamics Along a Vertical Vegetation Gradient in the Gongga Mountain on the Tibetan Plateau},
	journal = {Journal of Integrative Plant Biology}
}
@article{Wang_2018,
	doi = {10.1016/j.geoderma.2018.02.008},
	url = {https://doi.org/10.1016%2Fj.geoderma.2018.02.008},
	year = 2018,
	month = {jul},
	publisher = {Elsevier {BV}},
	volume = {321},
	pages = {151--163},
	author = {Xiang Wang and Kyungsoo Yoo and Simon M. Mudd and Beth Weinman and Jessica Gutknecht and Emmanuel J. Gabet},
	title = {Storage and export of soil carbon and mineral surface area along an erosional gradient in the Sierra Nevada, California},
	journal = {Geoderma}
}
@article{WERNER_2010,
	doi = {10.1111/j.1502-3885.2009.00116.x},
	url = {https://doi.org/10.1111%2Fj.1502-3885.2009.00116.x},
	year = 2010,
	month = {jan},
	publisher = {Wiley},
	volume = {39},
	number = {1},
	pages = {56--68},
	author = {KIRSTIN WERNER and PAVEL E. TARASOV and ANDREI A. ANDREEV and STEFANIE M{\~{A}}LLER and FRANK KIENAST and MICHAEL ZECH and WOLFGANG ZECH and BERNHARD DIEKMANN},
	title = {A 12.5-kyr history of vegetation dynamics and mire development with evidence of Younger Dryas larch presence in the Verkhoyansk Mountains, East Siberia, Russia},
	journal = {Boreas}
}
@article{Wooller_2007,
	doi = {10.1177/0959683607082553},
	url = {https://doi.org/10.1177%2F0959683607082553},
	year = 2007,
	month = {dec},
	publisher = {{SAGE} Publications},
	volume = {17},
	number = {8},
	pages = {1129--1139},
	author = {Matthew J. Wooller and Rebecca Morgan and Sarah Fowell and Hermann Behling and Marilyn Fogel},
	title = {A multiproxy peat record of Holocene mangrove palaeoecology from Twin Cays, Belize},
	journal = {The Holocene}
}
@article{Wunderlich_2012,
	doi = {10.5194/bg-9-3477-2012},
	url = {https://doi.org/10.5194%2Fbg-9-3477-2012},
	year = 2012,
	month = {aug},
	publisher = {Copernicus {GmbH}},
	volume = {9},
	number = {8},
	pages = {3477--3489},
	author = {S. Wunderlich and W. Borken},
	title = {Partitioning of soil {CO}{\&}lt$\mathsemicolon$sub{\&}gt$\mathsemicolon$2{\&}lt$\mathsemicolon$/sub{\&}gt$\mathsemicolon$ efflux in un-manipulated and experimentally flooded plots of a temperate fen},
	journal = {Biogeosciences}
}
@article{Yu_2003,
	doi = {10.1191/0959683603hl667ft},
	url = {https://doi.org/10.1191%2F0959683603hl667ft},
	year = 2003,
	month = {sep},
	publisher = {{SAGE} Publications},
	volume = {13},
	number = {6},
	pages = {801--808},
	author = {Zicheng Yu and Ian D. Campbell and Celina Campbell and Dale H. Vitt and Gerard C. Bond and Michael J. Apps},
	title = {Carbon sequestration in western Canadian peat highly sensitive to Holocene                 wet-dry climate cycles at millennial timescales},
	journal = {The Holocene}
}
@article{Yulianto_2005,
	doi = {10.1016/j.jseaes.2004.01.005},
	url = {https://doi.org/10.1016%2Fj.jseaes.2004.01.005},
	year = 2005,
	month = {apr},
	publisher = {Elsevier {BV}},
	volume = {25},
	number = {1},
	pages = {1--8},
	author = {Eko Yulianto and A.T. Rahardjo and Dardji Noeradi and D.A. Siregar and K. Hirakawa},
	title = {A Holocene pollen record of vegetation and coastal environmental changes in the coastal swamp forest at Batulicin, South Kalimantan, Indonesia},
	journal = {Journal of Asian Earth Sciences}
}
@article{Zazovskaya_2016,
	doi = {10.1017/rdc.2016.75},
	url = {https://doi.org/10.1017%2Frdc.2016.75},
	year = 2016,
	month = {sep},
	publisher = {Cambridge University Press ({CUP})},
	volume = {59},
	number = {2},
	pages = {489--503},
	author = {E Zazovskaya and N Mergelov and V Shishkov and A Dolgikh and V Miamin and A Cherkinsky and S Goryachkin},
	title = {Radiocarbon Age of Soils in Oases of East Antarctica},
	journal = {Radiocarbon}
}
@article{Mergelov_2020,
	doi = {10.1038/s41598-020-67248-3},
	url = {https://doi.org/10.1038%2Fs41598-020-67248-3},
	year = 2020,
	month = {jun},
	publisher = {Springer Science and Business Media {LLC}},
	volume = {10},
	number = {1},
	author = {Nikita Mergelov and Andrey Dolgikh and Ilya Shorkunov and Elya Zazovskaya and Vera Soina and Andrey Yakushev and Dmitry Fedorov-Davydov and Sergey Pryakhin and Alexander Dobryansky},
	title = {Hypolithic communities shape soils and organic matter reservoirs in the ice-free landscapes of East Antarctica},
	journal = {Scientific Reports}
}
@article{Zhang_2018,
	doi = {10.1029/2018gb005980},
	url = {https://doi.org/10.1029%2F2018gb005980},
	year = 2018,
	month = {oct},
	publisher = {American Geophysical Union ({AGU})},
	volume = {32},
	number = {10},
	pages = {1605--1620},
	author = {H. Zhang and A. V. Gallego-Sala and M. J. Amesbury and D. J. Charman and S. R. Piilo and M. M. Väliranta},
	title = {Inconsistent Response of Arctic Permafrost Peatland Carbon Accumulation to Warm Climate Phases},
	journal = {Global Biogeochemical Cycles}
}
@article{Zibulski_2013,
	doi = {10.5194/bgd-10-4067-2013},
	url = {https://doi.org/10.5194%2Fbgd-10-4067-2013},
	year = 2013,
	month = {mar},
	publisher = {Copernicus {GmbH}},
	author = {R. Zibulski and U. Herzschuh and L. A. Pestryakova and J. Wolter and S. Müller and N. Schilling and S. Wetterich and L. Schirrmeister and F. Tian},
	title = {River flooding as a driver of polygon dynamics: modern vegetation data and a millennial peat record from the Anabar River lowlands (Arctic Siberia)}
}
@article{Zimmermann_2001,
	doi = {10.1139/e00-110},
	url = {https://doi.org/10.1139%2Fe00-110},
	year = 2001,
	month = {jun},
	publisher = {Canadian Science Publishing},
	volume = {38},
	number = {6},
	pages = {909--919},
	author = {Claudia Zimmermann and Claude Lavoie},
	title = {A paleoecological analysis of a southern permafrost peatland, Charlevoix, Quebec},
	journal = {Canadian Journal of Earth Sciences}
}
@article{Zimov_1997,
	doi = {10.1126/science.277.5327.800},
	url = {https://doi.org/10.1126%2Fscience.277.5327.800},
	year = 1997,
	month = {aug},
	publisher = {American Association for the Advancement of Science ({AAAS})},
	volume = {277},
	number = {5327},
	pages = {800--802},
	author = {S. A. Zimov and Y. V. Voropaev and I. P. Semiletov and S. P. Davidov and S. F. Prosiannikov and F. S. Chapin and M. C. Chapin and S. Trumbore and S. Tyler},
	title = {North Siberian Lakes: A Methane Source Fueled by Pleistocene Carbon},
	journal = {Science}
}
@article{Zoltai_1975,
	doi = {10.1139/e75-004},
	url = {https://doi.org/10.1139%2Fe75-004},
	year = 1975,
	month = {jan},
	publisher = {Canadian Science Publishing},
	volume = {12},
	number = {1},
	pages = {28--43},
	author = {S. C. Zoltai and C. Tarnocai},
	title = {Perennially Frozen Peatlands in the Western Arctic and Subarctic of Canada},
	journal = {Canadian Journal of Earth Sciences}
}
@article{Zoltai_1985,
	doi = {10.1139/b85-148},
	url = {https://doi.org/10.1139%2Fb85-148},
	year = 1985,
	month = {jun},
	publisher = {Canadian Science Publishing},
	volume = {63},
	number = {6},
	pages = {1076--1085},
	author = {S. C. Zoltai and J. D. Johnson},
	title = {Development of a treed bog island in a minerotrophic fen},
	journal = {Canadian Journal of Botany}
}
@article{Zuidhoff_2000,
	doi = {10.1002/(sici)1099-1530(200001/03)11:1<55::aid-ppp338>3.0.co;2-t},
	url = {https://doi.org/10.1002%2F%28sici%291099-1530%28200001%2F03%2911%3A1%3C55%3A%3Aaid-ppp338%3E3.0.co%3B2-t},
	year = 2000,
	month = {jan},
	publisher = {Wiley},
	volume = {11},
	number = {1},
	pages = {55--69},
	author = {Frieda S Zuidhoff and Else Kolstrup},
	title = {Changes in palsa distribution in relation to climate change in Laivadalen, northern Sweden, especially 1960-1997},
	journal = {Permafrost and Periglacial Processes}
}
